%% This BibTeX bibliography file was created using BibDesk.
%% Brandon Payne 
%% Ben-Gurion University of the Negev
%% http://orcid.org/0000-0002-8051-1163

%% Created for Benyomin Hagalili at 2016-11-29 14:48:22 +0200 


%% Saved with string encoding Unicode (UTF-8) 



@article{henderson1983,
	Author = {J. V. Henderson, Y. M. Ioannides},
	Date-Added = {2016-11-28 08:24:52 +0000},
	Date-Modified = {2016-11-28 08:25:08 +0000},
	Issn = {00028282},
	Journal = {The American Economic Review},
	Number = {1},
	Pages = {98-113},
	Publisher = {American Economic Association},
	Title = {A Model of Housing Tenure Choice},
	Url = {http://www.jstor.org/stable/1803929},
	Volume = {73},
	Year = {1983},
	Bdsk-Url-1 = {http://www.jstor.org/stable/1803929},
	Bdsk-File-1 = {YnBsaXN0MDDUAQIDBAUGJCVYJHZlcnNpb25YJG9iamVjdHNZJGFyY2hpdmVyVCR0b3ASAAGGoKgHCBMUFRYaIVUkbnVsbNMJCgsMDxJXTlMua2V5c1pOUy5vYmplY3RzViRjbGFzc6INDoACgAOiEBGABIAFgAdccmVsYXRpdmVQYXRoWWFsaWFzRGF0YV8QLS4uL2JpYmxpb2dyYXBoeS9iaWJ0ZXgtcGRmcy9oZW5kZXJzb24xOTgzLnBkZtIXCxgZV05TLmRhdGFPEQHoAAAAAAHoAAIAAARBbWFjAAAAAAAAAAAAAAAAAAAAAAAAAAAAAADRx9F1SCsAAAEjes4RaGVuZGVyc29uMTk4My5wZGYAAAAAAAAAAAAAAAAAAAAAAAAAAAAAAAAAAAAAAAAAAAAAAAAAAAAAAAAAAAAAA4LZQNRhtpwAAAAAAAAAAAABAAMAAAkgAAAAAAAAAAAAAAAAAAAAC2JpYnRleC1wZGZzAAAQAAgAANHHp0UAAAARAAgAANRhmnwAAAABABgBI3rOAbOBuwGx42sB1h8cAAa62wAGaA0AAgBlQW1hYzpVc2VyczoAQWJ1RGF2aWQ6AE9uZURyaXZlIC0gcG9zdC5iZ3UuYWMuaWw6AHNjaG9vbDoAYmlibGlvZ3JhcGh5OgBiaWJ0ZXgtcGRmczoAaGVuZGVyc29uMTk4My5wZGYAAA4AJAARAGgAZQBuAGQAZQByAHMAbwBuADEAOQA4ADMALgBwAGQAZgAPAAoABABBAG0AYQBjABIAWlVzZXJzL0FidURhdmlkL09uZURyaXZlIC0gcG9zdC5iZ3UuYWMuaWwvc2Nob29sL2JpYmxpb2dyYXBoeS9iaWJ0ZXgtcGRmcy9oZW5kZXJzb24xOTgzLnBkZgATAAEvAAAVAAIAD///AACABtIbHB0eWiRjbGFzc25hbWVYJGNsYXNzZXNdTlNNdXRhYmxlRGF0YaMdHyBWTlNEYXRhWE5TT2JqZWN00hscIiNcTlNEaWN0aW9uYXJ5oiIgXxAPTlNLZXllZEFyY2hpdmVy0SYnVHJvb3SAAQAIABEAGgAjAC0AMgA3AEAARgBNAFUAYABnAGoAbABuAHEAcwB1AHcAhACOAL4AwwDLArcCuQK+AskC0gLgAuQC6wL0AvkDBgMJAxsDHgMjAAAAAAAAAgEAAAAAAAAAKAAAAAAAAAAAAAAAAAAAAyU=}}

@article{kimhiincrease,
	Author = {Kimhi, Ayal and Shraberman, Kyrill},
	Date-Added = {2016-11-27 08:26:49 +0000},
	Date-Modified = {2016-11-27 08:26:49 +0000},
	Title = {The Increase in the Number of Income Earners and Its Impact on Household Income},
	Bdsk-File-1 = {YnBsaXN0MDDUAQIDBAUGJCVYJHZlcnNpb25YJG9iamVjdHNZJGFyY2hpdmVyVCR0b3ASAAGGoKgHCBMUFRYaIVUkbnVsbNMJCgsMDxJXTlMua2V5c1pOUy5vYmplY3RzViRjbGFzc6INDoACgAOiEBGABIAFgAdccmVsYXRpdmVQYXRoWWFsaWFzRGF0YV8QLS4uL2JpYmxpb2dyYXBoeS9iaWJ0ZXgtcGRmcy9raW1oaWluY3JlYXNlLnBkZtIXCxgZV05TLmRhdGFPEQHoAAAAAAHoAAIAAARBbWFjAAAAAAAAAAAAAAAAAAAAAAAAAAAAAADRx9F1SCsAAAEjes4Ra2ltaGlpbmNyZWFzZS5wZGYAAAAAAAAAAAAAAAAAAAAAAAAAAAAAAAAAAAAAAAAAAAAAAAAAAAAAAAAAAAAAA4H499RgX1oAAAAAAAAAAAABAAMAAAkgAAAAAAAAAAAAAAAAAAAAC2JpYnRleC1wZGZzAAAQAAgAANHHp0UAAAARAAgAANRgQzoAAAABABgBI3rOAbOBuwGx42sB1h8cAAa62wAGaA0AAgBlQW1hYzpVc2VyczoAQWJ1RGF2aWQ6AE9uZURyaXZlIC0gcG9zdC5iZ3UuYWMuaWw6AHNjaG9vbDoAYmlibGlvZ3JhcGh5OgBiaWJ0ZXgtcGRmczoAa2ltaGlpbmNyZWFzZS5wZGYAAA4AJAARAGsAaQBtAGgAaQBpAG4AYwByAGUAYQBzAGUALgBwAGQAZgAPAAoABABBAG0AYQBjABIAWlVzZXJzL0FidURhdmlkL09uZURyaXZlIC0gcG9zdC5iZ3UuYWMuaWwvc2Nob29sL2JpYmxpb2dyYXBoeS9iaWJ0ZXgtcGRmcy9raW1oaWluY3JlYXNlLnBkZgATAAEvAAAVAAIAD///AACABtIbHB0eWiRjbGFzc25hbWVYJGNsYXNzZXNdTlNNdXRhYmxlRGF0YaMdHyBWTlNEYXRhWE5TT2JqZWN00hscIiNcTlNEaWN0aW9uYXJ5oiIgXxAPTlNLZXllZEFyY2hpdmVy0SYnVHJvb3SAAQAIABEAGgAjAC0AMgA3AEAARgBNAFUAYABnAGoAbABuAHEAcwB1AHcAhACOAL4AwwDLArcCuQK+AskC0gLgAuQC6wL0AvkDBgMJAxsDHgMjAAAAAAAAAgEAAAAAAAAAKAAAAAAAAAAAAAAAAAAAAyU=}}

@article{gruber2015comments,
	Author = {Gruber, Noam},
	Date-Added = {2016-11-27 08:26:03 +0000},
	Date-Modified = {2016-11-27 08:26:03 +0000},
	Title = {Comments on Finance Minister Moshe Kahlon's Housing Plan},
	Year = {2015},
	Bdsk-File-1 = {YnBsaXN0MDDUAQIDBAUGJCVYJHZlcnNpb25YJG9iamVjdHNZJGFyY2hpdmVyVCR0b3ASAAGGoKgHCBMUFRYaIVUkbnVsbNMJCgsMDxJXTlMua2V5c1pOUy5vYmplY3RzViRjbGFzc6INDoACgAOiEBGABIAFgAdccmVsYXRpdmVQYXRoWWFsaWFzRGF0YV8QMi4uL2JpYmxpb2dyYXBoeS9iaWJ0ZXgtcGRmcy9ncnViZXIyMDE1Y29tbWVudHMucGRm0hcLGBlXTlMuZGF0YU8RAfwAAAAAAfwAAgAABEFtYWMAAAAAAAAAAAAAAAAAAAAAAAAAAAAAANHH0XVIKwAAASN6zhZncnViZXIyMDE1Y29tbWVudHMucGRmAAAAAAAAAAAAAAAAAAAAAAAAAAAAAAAAAAAAAAAAAAAAAAAAAAAAAAADgfkH1GBfYQAAAAAAAAAAAAEAAwAACSAAAAAAAAAAAAAAAAAAAAALYmlidGV4LXBkZnMAABAACAAA0cenRQAAABEACAAA1GBDQQAAAAEAGAEjes4Bs4G7AbHjawHWHxwABrrbAAZoDQACAGpBbWFjOlVzZXJzOgBBYnVEYXZpZDoAT25lRHJpdmUgLSBwb3N0LmJndS5hYy5pbDoAc2Nob29sOgBiaWJsaW9ncmFwaHk6AGJpYnRleC1wZGZzOgBncnViZXIyMDE1Y29tbWVudHMucGRmAA4ALgAWAGcAcgB1AGIAZQByADIAMAAxADUAYwBvAG0AbQBlAG4AdABzAC4AcABkAGYADwAKAAQAQQBtAGEAYwASAF9Vc2Vycy9BYnVEYXZpZC9PbmVEcml2ZSAtIHBvc3QuYmd1LmFjLmlsL3NjaG9vbC9iaWJsaW9ncmFwaHkvYmlidGV4LXBkZnMvZ3J1YmVyMjAxNWNvbW1lbnRzLnBkZgAAEwABLwAAFQACAA///wAAgAbSGxwdHlokY2xhc3NuYW1lWCRjbGFzc2VzXU5TTXV0YWJsZURhdGGjHR8gVk5TRGF0YVhOU09iamVjdNIbHCIjXE5TRGljdGlvbmFyeaIiIF8QD05TS2V5ZWRBcmNoaXZlctEmJ1Ryb290gAEACAARABoAIwAtADIANwBAAEYATQBVAGAAZwBqAGwAbgBxAHMAdQB3AIQAjgDDAMgA0ALQAtIC1wLiAusC+QL9AwQDDQMSAx8DIgM0AzcDPAAAAAAAAAIBAAAAAAAAACgAAAAAAAAAAAAAAAAAAAM+}}

@article{regev2014making,
	Author = {Regev, Eitan},
	Date-Added = {2016-11-27 08:25:08 +0000},
	Date-Modified = {2016-11-27 08:25:08 +0000},
	Journal = {State of the Nation Report: Society, Economy and Policy},
	Pages = {19--89},
	Title = {Making Ends Meet--Household Income, Expenditures and Savings in Israel},
	Year = {2014},
	Bdsk-File-1 = {YnBsaXN0MDDUAQIDBAUGJCVYJHZlcnNpb25YJG9iamVjdHNZJGFyY2hpdmVyVCR0b3ASAAGGoKgHCBMUFRYaIVUkbnVsbNMJCgsMDxJXTlMua2V5c1pOUy5vYmplY3RzViRjbGFzc6INDoACgAOiEBGABIAFgAdccmVsYXRpdmVQYXRoWWFsaWFzRGF0YV8QLy4uL2JpYmxpb2dyYXBoeS9iaWJ0ZXgtcGRmcy9yZWdldjIwMTRtYWtpbmcucGRm0hcLGBlXTlMuZGF0YU8RAfAAAAAAAfAAAgAABEFtYWMAAAAAAAAAAAAAAAAAAAAAAAAAAAAAANHH0XVIKwAAASN6zhNyZWdldjIwMTRtYWtpbmcucGRmAAAAAAAAAAAAAAAAAAAAAAAAAAAAAAAAAAAAAAAAAAAAAAAAAAAAAAAAAAADgfkh1GBfbwAAAAAAAAAAAAEAAwAACSAAAAAAAAAAAAAAAAAAAAALYmlidGV4LXBkZnMAABAACAAA0cenRQAAABEACAAA1GBDTwAAAAEAGAEjes4Bs4G7AbHjawHWHxwABrrbAAZoDQACAGdBbWFjOlVzZXJzOgBBYnVEYXZpZDoAT25lRHJpdmUgLSBwb3N0LmJndS5hYy5pbDoAc2Nob29sOgBiaWJsaW9ncmFwaHk6AGJpYnRleC1wZGZzOgByZWdldjIwMTRtYWtpbmcucGRmAAAOACgAEwByAGUAZwBlAHYAMgAwADEANABtAGEAawBpAG4AZwAuAHAAZABmAA8ACgAEAEEAbQBhAGMAEgBcVXNlcnMvQWJ1RGF2aWQvT25lRHJpdmUgLSBwb3N0LmJndS5hYy5pbC9zY2hvb2wvYmlibGlvZ3JhcGh5L2JpYnRleC1wZGZzL3JlZ2V2MjAxNG1ha2luZy5wZGYAEwABLwAAFQACAA///wAAgAbSGxwdHlokY2xhc3NuYW1lWCRjbGFzc2VzXU5TTXV0YWJsZURhdGGjHR8gVk5TRGF0YVhOU09iamVjdNIbHCIjXE5TRGljdGlvbmFyeaIiIF8QD05TS2V5ZWRBcmNoaXZlctEmJ1Ryb290gAEACAARABoAIwAtADIANwBAAEYATQBVAGAAZwBqAGwAbgBxAHMAdQB3AIQAjgDAAMUAzQLBAsMCyALTAtwC6gLuAvUC/gMDAxADEwMlAygDLQAAAAAAAAIBAAAAAAAAACgAAAAAAAAAAAAAAAAAAAMv}}

@article{clarke2015housing,
	Author = {Clarke, Hannah and Zavisca, Jane},
	Date-Added = {2016-11-27 08:05:53 +0000},
	Date-Modified = {2016-11-27 08:05:53 +0000},
	Journal = {The Wiley Blackwell Encyclopedia of Consumption and Consumer Studies},
	Publisher = {Wiley Online Library},
	Title = {Housing/Housing Markets},
	Year = {2015}}

@article{dovman2012housing,
	Author = {Dovman, Polina and Ribon, Sigal and Yakhin, Yossi},
	Date-Added = {2016-11-27 08:03:26 +0000},
	Date-Modified = {2016-11-27 08:03:26 +0000},
	Journal = {Israel Economic Review},
	Number = {1},
	Title = {The Housing Market in Israel 2008-2010: Are House Prices a'Bubble'?},
	Volume = {10},
	Year = {2012},
	Bdsk-File-1 = {YnBsaXN0MDDUAQIDBAUGJCVYJHZlcnNpb25YJG9iamVjdHNZJGFyY2hpdmVyVCR0b3ASAAGGoKgHCBMUFRYaIVUkbnVsbNMJCgsMDxJXTlMua2V5c1pOUy5vYmplY3RzViRjbGFzc6INDoACgAOiEBGABIAFgAdccmVsYXRpdmVQYXRoWWFsaWFzRGF0YV8QMS4uL2JpYmxpb2dyYXBoeS9iaWJ0ZXgtcGRmcy9kb3ZtYW4yMDEyaG91c2luZy5wZGbSFwsYGVdOUy5kYXRhTxEB+AAAAAAB+AACAAAEQW1hYwAAAAAAAAAAAAAAAAAAAAAAAAAAAAAA0cfRdUgrAAABI3rOFWRvdm1hbjIwMTJob3VzaW5nLnBkZgAAAAAAAAAAAAAAAAAAAAAAAAAAAAAAAAAAAAAAAAAAAAAAAAAAAAAAAAOB+YvUYGAQAAAAAAAAAAAAAQADAAAJIAAAAAAAAAAAAAAAAAAAAAtiaWJ0ZXgtcGRmcwAAEAAIAADRx6dFAAAAEQAIAADUYEPwAAAAAQAYASN6zgGzgbsBseNrAdYfHAAGutsABmgNAAIAaUFtYWM6VXNlcnM6AEFidURhdmlkOgBPbmVEcml2ZSAtIHBvc3QuYmd1LmFjLmlsOgBzY2hvb2w6AGJpYmxpb2dyYXBoeToAYmlidGV4LXBkZnM6AGRvdm1hbjIwMTJob3VzaW5nLnBkZgAADgAsABUAZABvAHYAbQBhAG4AMgAwADEAMgBoAG8AdQBzAGkAbgBnAC4AcABkAGYADwAKAAQAQQBtAGEAYwASAF5Vc2Vycy9BYnVEYXZpZC9PbmVEcml2ZSAtIHBvc3QuYmd1LmFjLmlsL3NjaG9vbC9iaWJsaW9ncmFwaHkvYmlidGV4LXBkZnMvZG92bWFuMjAxMmhvdXNpbmcucGRmABMAAS8AABUAAgAP//8AAIAG0hscHR5aJGNsYXNzbmFtZVgkY2xhc3Nlc11OU011dGFibGVEYXRhox0fIFZOU0RhdGFYTlNPYmplY3TSGxwiI1xOU0RpY3Rpb25hcnmiIiBfEA9OU0tleWVkQXJjaGl2ZXLRJidUcm9vdIABAAgAEQAaACMALQAyADcAQABGAE0AVQBgAGcAagBsAG4AcQBzAHUAdwCEAI4AwgDHAM8CywLNAtIC3QLmAvQC+AL/AwgDDQMaAx0DLwMyAzcAAAAAAAACAQAAAAAAAAAoAAAAAAAAAAAAAAAAAAADOQ==}}

@article{gruber2014israeli,
	Author = {Gruber, Noam},
	Date-Added = {2016-11-27 08:02:23 +0000},
	Date-Modified = {2016-11-27 08:02:23 +0000},
	Journal = {State of the Nation Report: Society, Economy and Policy},
	Pages = {91--168},
	Title = {The Israeli Housing Market},
	Year = {2014},
	Bdsk-File-1 = {YnBsaXN0MDDUAQIDBAUGJCVYJHZlcnNpb25YJG9iamVjdHNZJGFyY2hpdmVyVCR0b3ASAAGGoKgHCBMUFRYaIVUkbnVsbNMJCgsMDxJXTlMua2V5c1pOUy5vYmplY3RzViRjbGFzc6INDoACgAOiEBGABIAFgAdccmVsYXRpdmVQYXRoWWFsaWFzRGF0YV8QMS4uL2JpYmxpb2dyYXBoeS9iaWJ0ZXgtcGRmcy9ncnViZXIyMDE0aXNyYWVsaS5wZGbSFwsYGVdOUy5kYXRhTxEB+AAAAAAB+AACAAAEQW1hYwAAAAAAAAAAAAAAAAAAAAAAAAAAAAAA0cfRdUgrAAABI3rOFWdydWJlcjIwMTRpc3JhZWxpLnBkZgAAAAAAAAAAAAAAAAAAAAAAAAAAAAAAAAAAAAAAAAAAAAAAAAAAAAAAAAOB99LUYF5NAAAAAAAAAAAAAQADAAAJIAAAAAAAAAAAAAAAAAAAAAtiaWJ0ZXgtcGRmcwAAEAAIAADRx6dFAAAAEQAIAADUYEItAAAAAQAYASN6zgGzgbsBseNrAdYfHAAGutsABmgNAAIAaUFtYWM6VXNlcnM6AEFidURhdmlkOgBPbmVEcml2ZSAtIHBvc3QuYmd1LmFjLmlsOgBzY2hvb2w6AGJpYmxpb2dyYXBoeToAYmlidGV4LXBkZnM6AGdydWJlcjIwMTRpc3JhZWxpLnBkZgAADgAsABUAZwByAHUAYgBlAHIAMgAwADEANABpAHMAcgBhAGUAbABpAC4AcABkAGYADwAKAAQAQQBtAGEAYwASAF5Vc2Vycy9BYnVEYXZpZC9PbmVEcml2ZSAtIHBvc3QuYmd1LmFjLmlsL3NjaG9vbC9iaWJsaW9ncmFwaHkvYmlidGV4LXBkZnMvZ3J1YmVyMjAxNGlzcmFlbGkucGRmABMAAS8AABUAAgAP//8AAIAG0hscHR5aJGNsYXNzbmFtZVgkY2xhc3Nlc11OU011dGFibGVEYXRhox0fIFZOU0RhdGFYTlNPYmplY3TSGxwiI1xOU0RpY3Rpb25hcnmiIiBfEA9OU0tleWVkQXJjaGl2ZXLRJidUcm9vdIABAAgAEQAaACMALQAyADcAQABGAE0AVQBgAGcAagBsAG4AcQBzAHUAdwCEAI4AwgDHAM8CywLNAtIC3QLmAvQC+AL/AwgDDQMaAx0DLwMyAzcAAAAAAAACAQAAAAAAAAAoAAAAAAAAAAAAAAAAAAADOQ==}}

@article{fuchs2015socioeconomic,
	Author = {Fuchs, Hadas},
	Date-Added = {2016-11-27 08:00:26 +0000},
	Date-Modified = {2016-11-27 08:00:26 +0000},
	Journal = {State of the Nation Report: Society, Economy and Policy in Israel},
	Pages = {139--181},
	Title = {The Socioeconomic Situation of Young Adults in Israel},
	Year = {2015},
	Bdsk-File-1 = {YnBsaXN0MDDUAQIDBAUGJCVYJHZlcnNpb25YJG9iamVjdHNZJGFyY2hpdmVyVCR0b3ASAAGGoKgHCBMUFRYaIVUkbnVsbNMJCgsMDxJXTlMua2V5c1pOUy5vYmplY3RzViRjbGFzc6INDoACgAOiEBGABIAFgAdccmVsYXRpdmVQYXRoWWFsaWFzRGF0YV8QNi4uL2JpYmxpb2dyYXBoeS9iaWJ0ZXgtcGRmcy9mdWNoczIwMTVzb2Npb2Vjb25vbWljLnBkZtIXCxgZV05TLmRhdGFPEQIMAAAAAAIMAAIAAARBbWFjAAAAAAAAAAAAAAAAAAAAAAAAAAAAAADRx9F1SCsAAAEjes4aZnVjaHMyMDE1c29jaW9lY29ub21pYy5wZGYAAAAAAAAAAAAAAAAAAAAAAAAAAAAAAAAAAAAAAAAAAAAAAAAAA4H43NRgX0YAAAAAAAAAAAABAAMAAAkgAAAAAAAAAAAAAAAAAAAAC2JpYnRleC1wZGZzAAAQAAgAANHHp0UAAAARAAgAANRgQyYAAAABABgBI3rOAbOBuwGx42sB1h8cAAa62wAGaA0AAgBuQW1hYzpVc2VyczoAQWJ1RGF2aWQ6AE9uZURyaXZlIC0gcG9zdC5iZ3UuYWMuaWw6AHNjaG9vbDoAYmlibGlvZ3JhcGh5OgBiaWJ0ZXgtcGRmczoAZnVjaHMyMDE1c29jaW9lY29ub21pYy5wZGYADgA2ABoAZgB1AGMAaABzADIAMAAxADUAcwBvAGMAaQBvAGUAYwBvAG4AbwBtAGkAYwAuAHAAZABmAA8ACgAEAEEAbQBhAGMAEgBjVXNlcnMvQWJ1RGF2aWQvT25lRHJpdmUgLSBwb3N0LmJndS5hYy5pbC9zY2hvb2wvYmlibGlvZ3JhcGh5L2JpYnRleC1wZGZzL2Z1Y2hzMjAxNXNvY2lvZWNvbm9taWMucGRmAAATAAEvAAAVAAIAD///AACABtIbHB0eWiRjbGFzc25hbWVYJGNsYXNzZXNdTlNNdXRhYmxlRGF0YaMdHyBWTlNEYXRhWE5TT2JqZWN00hscIiNcTlNEaWN0aW9uYXJ5oiIgXxAPTlNLZXllZEFyY2hpdmVy0SYnVHJvb3SAAQAIABEAGgAjAC0AMgA3AEAARgBNAFUAYABnAGoAbABuAHEAcwB1AHcAhACOAMcAzADUAuQC5gLrAvYC/wMNAxEDGAMhAyYDMwM2A0gDSwNQAAAAAAAAAgEAAAAAAAAAKAAAAAAAAAAAAAAAAAAAA1I=}}

@article{Weiss_2014,
	Author = {Weiss, Hadas},
	Date-Added = {2016-11-27 07:58:13 +0000},
	Date-Modified = {2016-11-27 07:58:13 +0000},
	Doi = {10.14506/ca29.1.08},
	Issn = {1548-1360},
	Journal = {Cultural Anthropology},
	Month = {Feb},
	Number = {1},
	Pages = {128--149},
	Publisher = {Society for Cultural Anthropology},
	Title = {Homeownership in Israel: The Social Costs of Middle-Class Debt},
	Url = {http://dx.doi.org/10.14506/ca29.1.08},
	Volume = {29},
	Year = {2014},
	Bdsk-File-1 = {YnBsaXN0MDDUAQIDBAUGJCVYJHZlcnNpb25YJG9iamVjdHNZJGFyY2hpdmVyVCR0b3ASAAGGoKgHCBMUFRYaIVUkbnVsbNMJCgsMDxJXTlMua2V5c1pOUy5vYmplY3RzViRjbGFzc6INDoACgAOiEBGABIAFgAdccmVsYXRpdmVQYXRoWWFsaWFzRGF0YV8QKy4uL2JpYmxpb2dyYXBoeS9iaWJ0ZXgtcGRmcy9XZWlzc18yMDE0YS5wZGbSFwsYGVdOUy5kYXRhTxEB4AAAAAAB4AACAAAEQW1hYwAAAAAAAAAAAAAAAAAAAAAAAAAAAAAA0cfRdUgrAAABI3rOD1dlaXNzXzIwMTRhLnBkZgAAAAAAAAAAAAAAAAAAAAAAAAAAAAAAAAAAAAAAAAAAAAAAAAAAAAAAAAAAAAAAAAOB+CfUYF5uAAAAAAAAAAAAAQADAAAJIAAAAAAAAAAAAAAAAAAAAAtiaWJ0ZXgtcGRmcwAAEAAIAADRx6dFAAAAEQAIAADUYEJOAAAAAQAYASN6zgGzgbsBseNrAdYfHAAGutsABmgNAAIAY0FtYWM6VXNlcnM6AEFidURhdmlkOgBPbmVEcml2ZSAtIHBvc3QuYmd1LmFjLmlsOgBzY2hvb2w6AGJpYmxpb2dyYXBoeToAYmlidGV4LXBkZnM6AFdlaXNzXzIwMTRhLnBkZgAADgAgAA8AVwBlAGkAcwBzAF8AMgAwADEANABhAC4AcABkAGYADwAKAAQAQQBtAGEAYwASAFhVc2Vycy9BYnVEYXZpZC9PbmVEcml2ZSAtIHBvc3QuYmd1LmFjLmlsL3NjaG9vbC9iaWJsaW9ncmFwaHkvYmlidGV4LXBkZnMvV2Vpc3NfMjAxNGEucGRmABMAAS8AABUAAgAP//8AAIAG0hscHR5aJGNsYXNzbmFtZVgkY2xhc3Nlc11OU011dGFibGVEYXRhox0fIFZOU0RhdGFYTlNPYmplY3TSGxwiI1xOU0RpY3Rpb25hcnmiIiBfEA9OU0tleWVkQXJjaGl2ZXLRJidUcm9vdIABAAgAEQAaACMALQAyADcAQABGAE0AVQBgAGcAagBsAG4AcQBzAHUAdwCEAI4AvADBAMkCrQKvArQCvwLIAtYC2gLhAuoC7wL8Av8DEQMUAxkAAAAAAAACAQAAAAAAAAAoAAAAAAAAAAAAAAAAAAADGw==},
	Bdsk-Url-1 = {http://dx.doi.org/10.14506/ca29.1.08}}

@book{stodden2014,
	Author = {Victoria Stodden; Friedrich Leisch; Roger D Peng},
	Date-Added = {2016-11-24 16:50:14 +0000},
	Date-Modified = {2016-11-24 16:51:23 +0000},
	Isbn = {978-1-4665-6160-1,1466561602,978-1-4665-6159-5},
	Publisher = {CRC Press/Taylor and Francis},
	Series = {Chapman & Hall/CRC The R Series},
	Title = {Implementing Reproducible Research},
	Year = {2014},
	Bdsk-File-1 = {YnBsaXN0MDDUAQIDBAUGJCVYJHZlcnNpb25YJG9iamVjdHNZJGFyY2hpdmVyVCR0b3ASAAGGoKgHCBMUFRYaIVUkbnVsbNMJCgsMDxJXTlMua2V5c1pOUy5vYmplY3RzViRjbGFzc6INDoACgAOiEBGABIAFgAdccmVsYXRpdmVQYXRoWWFsaWFzRGF0YV8QKy4uL2JpYmxpb2dyYXBoeS9iaWJ0ZXgtcGRmcy9zdG9kZGVuMjAxNC5wZGbSFwsYGVdOUy5kYXRhTxEB4AAAAAAB4AACAAAEQW1hYwAAAAAAAAAAAAAAAAAAAAAAAAAAAAAA0cfRdUgrAAABI3rOD3N0b2RkZW4yMDE0LnBkZgAAAAAAAAAAAAAAAAAAAAAAAAAAAAAAAAAAAAAAAAAAAAAAAAAAAAAAAAAAAAAAAAN+UoXUXObPAAAAAAAAAAAAAQADAAAJIAAAAAAAAAAAAAAAAAAAAAtiaWJ0ZXgtcGRmcwAAEAAIAADRx6dFAAAAEQAIAADUXMqvAAAAAQAYASN6zgGzgbsBseNrAdYfHAAGutsABmgNAAIAY0FtYWM6VXNlcnM6AEFidURhdmlkOgBPbmVEcml2ZSAtIHBvc3QuYmd1LmFjLmlsOgBzY2hvb2w6AGJpYmxpb2dyYXBoeToAYmlidGV4LXBkZnM6AHN0b2RkZW4yMDE0LnBkZgAADgAgAA8AcwB0AG8AZABkAGUAbgAyADAAMQA0AC4AcABkAGYADwAKAAQAQQBtAGEAYwASAFhVc2Vycy9BYnVEYXZpZC9PbmVEcml2ZSAtIHBvc3QuYmd1LmFjLmlsL3NjaG9vbC9iaWJsaW9ncmFwaHkvYmlidGV4LXBkZnMvc3RvZGRlbjIwMTQucGRmABMAAS8AABUAAgAP//8AAIAG0hscHR5aJGNsYXNzbmFtZVgkY2xhc3Nlc11OU011dGFibGVEYXRhox0fIFZOU0RhdGFYTlNPYmplY3TSGxwiI1xOU0RpY3Rpb25hcnmiIiBfEA9OU0tleWVkQXJjaGl2ZXLRJidUcm9vdIABAAgAEQAaACMALQAyADcAQABGAE0AVQBgAGcAagBsAG4AcQBzAHUAdwCEAI4AvADBAMkCrQKvArQCvwLIAtYC2gLhAuoC7wL8Av8DEQMUAxkAAAAAAAACAQAAAAAAAAAoAAAAAAAAAAAAAAAAAAADGw==}}

@article{amerinIL,
	Date-Added = {2016-11-15 09:27:27 +0000},
	Date-Modified = {2016-11-15 09:27:50 +0000},
	Title = {Housing: Purchase of a Home in Israel}}

@article{delmendo2016,
	Author = {Lalaine C. Delmendo},
	Date-Added = {2016-11-15 09:24:16 +0000},
	Date-Modified = {2016-11-15 09:25:14 +0000},
	Day = {15},
	Journal = {Global Property Guide},
	Month = {July},
	Title = {Israel's house price boom continues},
	Year = {2016},
	Bdsk-File-1 = {YnBsaXN0MDDUAQIDBAUGJCVYJHZlcnNpb25YJG9iamVjdHNZJGFyY2hpdmVyVCR0b3ASAAGGoKgHCBMUFRYaIVUkbnVsbNMJCgsMDxJXTlMua2V5c1pOUy5vYmplY3RzViRjbGFzc6INDoACgAOiEBGABIAFgAdccmVsYXRpdmVQYXRoWWFsaWFzRGF0YV8QLC4uL2JpYmxpb2dyYXBoeS9iaWJ0ZXgtcGRmcy9kZWxtZW5kbzIwMTYucGRm0hcLGBlXTlMuZGF0YU8RAeQAAAAAAeQAAgAABEFtYWMAAAAAAAAAAAAAAAAAAAAAAAAAAAAAANHH0XVIKwAAASN6zhBkZWxtZW5kbzIwMTYucGRmAAAAAAAAAAAAAAAAAAAAAAAAAAAAAAAAAAAAAAAAAAAAAAAAAAAAAAAAAAAAAAADcphD1FChFwAAAAAAAAAAAAEAAwAACSAAAAAAAAAAAAAAAAAAAAALYmlidGV4LXBkZnMAABAACAAA0cenRQAAABEACAAA1FCE9wAAAAEAGAEjes4Bs4G7AbHjawHWHxwABrrbAAZoDQACAGRBbWFjOlVzZXJzOgBBYnVEYXZpZDoAT25lRHJpdmUgLSBwb3N0LmJndS5hYy5pbDoAc2Nob29sOgBiaWJsaW9ncmFwaHk6AGJpYnRleC1wZGZzOgBkZWxtZW5kbzIwMTYucGRmAA4AIgAQAGQAZQBsAG0AZQBuAGQAbwAyADAAMQA2AC4AcABkAGYADwAKAAQAQQBtAGEAYwASAFlVc2Vycy9BYnVEYXZpZC9PbmVEcml2ZSAtIHBvc3QuYmd1LmFjLmlsL3NjaG9vbC9iaWJsaW9ncmFwaHkvYmlidGV4LXBkZnMvZGVsbWVuZG8yMDE2LnBkZgAAEwABLwAAFQACAA///wAAgAbSGxwdHlokY2xhc3NuYW1lWCRjbGFzc2VzXU5TTXV0YWJsZURhdGGjHR8gVk5TRGF0YVhOU09iamVjdNIbHCIjXE5TRGljdGlvbmFyeaIiIF8QD05TS2V5ZWRBcmNoaXZlctEmJ1Ryb290gAEACAARABoAIwAtADIANwBAAEYATQBVAGAAZwBqAGwAbgBxAHMAdQB3AIQAjgC9AMIAygKyArQCuQLEAs0C2wLfAuYC7wL0AwEDBAMWAxkDHgAAAAAAAAIBAAAAAAAAACgAAAAAAAAAAAAAAAAAAAMg}}

@article{choudy2015,
	Author = {Ori Choudy},
	Date-Added = {2016-11-15 09:21:40 +0000},
	Date-Modified = {2016-11-15 09:22:39 +0000},
	Day = {6},
	Journal = {Globes},
	Month = {October},
	Title = {Kahlon hails deal to build 20,000 homes in Beersheva},
	Year = {2015}}

@article{lewis2015,
	Author = {Avi Lewis},
	Date-Added = {2016-11-15 09:18:53 +0000},
	Date-Modified = {2016-11-15 09:19:19 +0000},
	Day = {9},
	Journal = {Times of Israel},
	Month = {June},
	Title = {Jerusalem mayor fumes over plan to build in nature reserve},
	Year = {2015}}

@article{reback2015,
	Author = {Reback, Gedalyah},
	Date-Added = {2016-11-15 09:08:28 +0000},
	Date-Modified = {2016-11-15 09:11:22 +0000},
	Day = {12},
	Journal = {Times of Israel},
	Month = June,
	Title = {Kahlon announces plan to lower housing prices},
	Year = {2015}}

@article{timesofIL2015,
	Date-Added = {2016-11-15 09:05:48 +0000},
	Date-Modified = {2016-11-15 09:06:18 +0000},
	Journal = {Times of Israel},
	Month = {August 16},
	Title = {Rise in housing prices accelerating, says state report},
	Year = {2015}}

@article{wrobel2010,
	Author = {Sharon Wrobel},
	Date-Added = {2016-11-15 09:00:27 +0000},
	Date-Modified = {2016-11-15 09:01:02 +0000},
	Journal = {The Jerusalem Post},
	Month = {August 9},
	Title = {Bank of Israel: Housing prices will continue to rise},
	Year = {2010}}

@article{druckman2015,
	Author = {Yaron Druckman},
	Date-Added = {2016-11-15 08:40:24 +0000},
	Date-Modified = {2016-11-15 08:40:48 +0000},
	Journal = {Ynet},
	Month = {February 2},
	Title = {Israel's housing crisis: Massive price increases across the country},
	Year = {2015}}

@article{shauly2016,
	Author = {Alfi Eliyahu Shauly},
	Date-Added = {2016-11-15 08:35:35 +0000},
	Date-Modified = {2016-11-15 08:36:17 +0000},
	Journal = {Globes},
	Month = {October 10},
	Title = {Jews from abroad buying fewer homes in Israel},
	Year = {2016}}

@article{globes2016,
	Date-Added = {2016-11-15 08:12:26 +0000},
	Date-Modified = {2016-11-15 08:14:06 +0000},
	Journal = {Globes},
	Month = {November 13},
	Title = {New home sales in Israel down 8.3% in 2016},
	Year = {2016},
	Bdsk-File-1 = {YnBsaXN0MDDUAQIDBAUGJCVYJHZlcnNpb25YJG9iamVjdHNZJGFyY2hpdmVyVCR0b3ASAAGGoKgHCBMUFRYaIVUkbnVsbNMJCgsMDxJXTlMua2V5c1pOUy5vYmplY3RzViRjbGFzc6INDoACgAOiEBGABIAFgAdccmVsYXRpdmVQYXRoWWFsaWFzRGF0YV8QKi4uL2JpYmxpb2dyYXBoeS9iaWJ0ZXgtcGRmcy9nbG9iZXMyMDE2LnBkZtIXCxgZV05TLmRhdGFPEQHcAAAAAAHcAAIAAARBbWFjAAAAAAAAAAAAAAAAAAAAAAAAAAAAAADRx9F1SCsAAAEjes4OZ2xvYmVzMjAxNi5wZGYAAAAAAAAAAAAAAAAAAAAAAAAAAAAAAAAAAAAAAAAAAAAAAAAAAAAAAAAAAAAAAAAAA3J+b9RQkGQAAAAAAAAAAAABAAMAAAkgAAAAAAAAAAAAAAAAAAAAC2JpYnRleC1wZGZzAAAQAAgAANHHp0UAAAARAAgAANRQdEQAAAABABgBI3rOAbOBuwGx42sB1h8cAAa62wAGaA0AAgBiQW1hYzpVc2VyczoAQWJ1RGF2aWQ6AE9uZURyaXZlIC0gcG9zdC5iZ3UuYWMuaWw6AHNjaG9vbDoAYmlibGlvZ3JhcGh5OgBiaWJ0ZXgtcGRmczoAZ2xvYmVzMjAxNi5wZGYADgAeAA4AZwBsAG8AYgBlAHMAMgAwADEANgAuAHAAZABmAA8ACgAEAEEAbQBhAGMAEgBXVXNlcnMvQWJ1RGF2aWQvT25lRHJpdmUgLSBwb3N0LmJndS5hYy5pbC9zY2hvb2wvYmlibGlvZ3JhcGh5L2JpYnRleC1wZGZzL2dsb2JlczIwMTYucGRmAAATAAEvAAAVAAIAD///AACABtIbHB0eWiRjbGFzc25hbWVYJGNsYXNzZXNdTlNNdXRhYmxlRGF0YaMdHyBWTlNEYXRhWE5TT2JqZWN00hscIiNcTlNEaWN0aW9uYXJ5oiIgXxAPTlNLZXllZEFyY2hpdmVy0SYnVHJvb3SAAQAIABEAGgAjAC0AMgA3AEAARgBNAFUAYABnAGoAbABuAHEAcwB1AHcAhACOALsAwADIAqgCqgKvAroCwwLRAtUC3ALlAuoC9wL6AwwDDwMUAAAAAAAAAgEAAAAAAAAAKAAAAAAAAAAAAAAAAAAAAxY=}}

@article{barkat2016,
	Author = {Amiram Barkat},
	Date-Added = {2016-11-15 08:02:15 +0000},
	Date-Modified = {2016-11-15 08:04:10 +0000},
	Day = {14},
	Journal = {Globes},
	Month = {November},
	Title = {Flug: Home price solution is supply, supply and supply},
	Year = {2016},
	Bdsk-File-1 = {YnBsaXN0MDDUAQIDBAUGJCVYJHZlcnNpb25YJG9iamVjdHNZJGFyY2hpdmVyVCR0b3ASAAGGoKgHCBMUFRYaIVUkbnVsbNMJCgsMDxJXTlMua2V5c1pOUy5vYmplY3RzViRjbGFzc6INDoACgAOiEBGABIAFgAdccmVsYXRpdmVQYXRoWWFsaWFzRGF0YV8QKi4uL2JpYmxpb2dyYXBoeS9iaWJ0ZXgtcGRmcy9iYXJrYXQyMDE2LnBkZtIXCxgZV05TLmRhdGFPEQHcAAAAAAHcAAIAAARBbWFjAAAAAAAAAAAAAAAAAAAAAAAAAAAAAADRx9F1SCsAAAEjes4OYmFya2F0MjAxNi5wZGYAAAAAAAAAAAAAAAAAAAAAAAAAAAAAAAAAAAAAAAAAAAAAAAAAAAAAAAAAAAAAAAAAA3J7GdRQjeUAAAAAAAAAAAABAAMAAAkgAAAAAAAAAAAAAAAAAAAAC2JpYnRleC1wZGZzAAAQAAgAANHHp0UAAAARAAgAANRQccUAAAABABgBI3rOAbOBuwGx42sB1h8cAAa62wAGaA0AAgBiQW1hYzpVc2VyczoAQWJ1RGF2aWQ6AE9uZURyaXZlIC0gcG9zdC5iZ3UuYWMuaWw6AHNjaG9vbDoAYmlibGlvZ3JhcGh5OgBiaWJ0ZXgtcGRmczoAYmFya2F0MjAxNi5wZGYADgAeAA4AYgBhAHIAawBhAHQAMgAwADEANgAuAHAAZABmAA8ACgAEAEEAbQBhAGMAEgBXVXNlcnMvQWJ1RGF2aWQvT25lRHJpdmUgLSBwb3N0LmJndS5hYy5pbC9zY2hvb2wvYmlibGlvZ3JhcGh5L2JpYnRleC1wZGZzL2JhcmthdDIwMTYucGRmAAATAAEvAAAVAAIAD///AACABtIbHB0eWiRjbGFzc25hbWVYJGNsYXNzZXNdTlNNdXRhYmxlRGF0YaMdHyBWTlNEYXRhWE5TT2JqZWN00hscIiNcTlNEaWN0aW9uYXJ5oiIgXxAPTlNLZXllZEFyY2hpdmVy0SYnVHJvb3SAAQAIABEAGgAjAC0AMgA3AEAARgBNAFUAYABnAGoAbABuAHEAcwB1AHcAhACOALsAwADIAqgCqgKvAroCwwLRAtUC3ALlAuoC9wL6AwwDDwMUAAAAAAAAAgEAAAAAAAAAKAAAAAAAAAAAAAAAAAAAAxY=}}

@article{Paz-Frankel2012,
	Author = {Paz-Frankel, Einat},
	Date-Added = {2016-11-15 07:59:41 +0000},
	Date-Modified = {2016-11-15 08:00:16 +0000},
	Journal = {Globes},
	Month = {November 3},
	Title = {Home prices double OECD average in salary terms},
	Year = {2012},
	Bdsk-File-1 = {YnBsaXN0MDDUAQIDBAUGJCVYJHZlcnNpb25YJG9iamVjdHNZJGFyY2hpdmVyVCR0b3ASAAGGoKgHCBMUFRYaIVUkbnVsbNMJCgsMDxJXTlMua2V5c1pOUy5vYmplY3RzViRjbGFzc6INDoACgAOiEBGABIAFgAdccmVsYXRpdmVQYXRoWWFsaWFzRGF0YV8QLy4uL2JpYmxpb2dyYXBoeS9iaWJ0ZXgtcGRmcy9QYXotRnJhbmtlbDIwMTIucGRm0hcLGBlXTlMuZGF0YU8RAfAAAAAAAfAAAgAABEFtYWMAAAAAAAAAAAAAAAAAAAAAAAAAAAAAANHH0XVIKwAAASN6zhNQYXotRnJhbmtlbDIwMTIucGRmAAAAAAAAAAAAAAAAAAAAAAAAAAAAAAAAAAAAAAAAAAAAAAAAAAAAAAAAAAADcnm+1FCNQwAAAAAAAAAAAAEAAwAACSAAAAAAAAAAAAAAAAAAAAALYmlidGV4LXBkZnMAABAACAAA0cenRQAAABEACAAA1FBxIwAAAAEAGAEjes4Bs4G7AbHjawHWHxwABrrbAAZoDQACAGdBbWFjOlVzZXJzOgBBYnVEYXZpZDoAT25lRHJpdmUgLSBwb3N0LmJndS5hYy5pbDoAc2Nob29sOgBiaWJsaW9ncmFwaHk6AGJpYnRleC1wZGZzOgBQYXotRnJhbmtlbDIwMTIucGRmAAAOACgAEwBQAGEAegAtAEYAcgBhAG4AawBlAGwAMgAwADEAMgAuAHAAZABmAA8ACgAEAEEAbQBhAGMAEgBcVXNlcnMvQWJ1RGF2aWQvT25lRHJpdmUgLSBwb3N0LmJndS5hYy5pbC9zY2hvb2wvYmlibGlvZ3JhcGh5L2JpYnRleC1wZGZzL1Bhei1GcmFua2VsMjAxMi5wZGYAEwABLwAAFQACAA///wAAgAbSGxwdHlokY2xhc3NuYW1lWCRjbGFzc2VzXU5TTXV0YWJsZURhdGGjHR8gVk5TRGF0YVhOU09iamVjdNIbHCIjXE5TRGljdGlvbmFyeaIiIF8QD05TS2V5ZWRBcmNoaXZlctEmJ1Ryb290gAEACAARABoAIwAtADIANwBAAEYATQBVAGAAZwBqAGwAbgBxAHMAdQB3AIQAjgDAAMUAzQLBAsMCyALTAtwC6gLuAvUC/gMDAxADEwMlAygDLQAAAAAAAAIBAAAAAAAAACgAAAAAAAAAAAAAAAAAAAMv}}

@article{horowitz2016,
	Author = {David Horowitz},
	Date-Added = {2016-11-15 07:46:07 +0000},
	Date-Modified = {2016-11-15 07:47:19 +0000},
	Doi = {http://www.timesofisrael.com/a-deeper-political-agenda-behind-israels-soaring-housing-market/},
	Journal = {The Times of Israel},
	Month = {August 23},
	Title = {A deeper political agenda behind Israel's soaring housing market?},
	Year = {2016},
	Bdsk-File-1 = {YnBsaXN0MDDUAQIDBAUGJCVYJHZlcnNpb25YJG9iamVjdHNZJGFyY2hpdmVyVCR0b3ASAAGGoKgHCBMUFRYaIVUkbnVsbNMJCgsMDxJXTlMua2V5c1pOUy5vYmplY3RzViRjbGFzc6INDoACgAOiEBGABIAFgAdccmVsYXRpdmVQYXRoWWFsaWFzRGF0YV8QLC4uL2JpYmxpb2dyYXBoeS9iaWJ0ZXgtcGRmcy9ob3Jvd2l0ejIwMTYucGRm0hcLGBlXTlMuZGF0YU8RAeQAAAAAAeQAAgAABEFtYWMAAAAAAAAAAAAAAAAAAAAAAAAAAAAAANHH0XVIKwAAASN6zhBob3Jvd2l0ejIwMTYucGRmAAAAAAAAAAAAAAAAAAAAAAAAAAAAAAAAAAAAAAAAAAAAAAAAAAAAAAAAAAAAAAADcne41FCJxwAAAAAAAAAAAAEAAwAACSAAAAAAAAAAAAAAAAAAAAALYmlidGV4LXBkZnMAABAACAAA0cenRQAAABEACAAA1FBtpwAAAAEAGAEjes4Bs4G7AbHjawHWHxwABrrbAAZoDQACAGRBbWFjOlVzZXJzOgBBYnVEYXZpZDoAT25lRHJpdmUgLSBwb3N0LmJndS5hYy5pbDoAc2Nob29sOgBiaWJsaW9ncmFwaHk6AGJpYnRleC1wZGZzOgBob3Jvd2l0ejIwMTYucGRmAA4AIgAQAGgAbwByAG8AdwBpAHQAegAyADAAMQA2AC4AcABkAGYADwAKAAQAQQBtAGEAYwASAFlVc2Vycy9BYnVEYXZpZC9PbmVEcml2ZSAtIHBvc3QuYmd1LmFjLmlsL3NjaG9vbC9iaWJsaW9ncmFwaHkvYmlidGV4LXBkZnMvaG9yb3dpdHoyMDE2LnBkZgAAEwABLwAAFQACAA///wAAgAbSGxwdHlokY2xhc3NuYW1lWCRjbGFzc2VzXU5TTXV0YWJsZURhdGGjHR8gVk5TRGF0YVhOU09iamVjdNIbHCIjXE5TRGljdGlvbmFyeaIiIF8QD05TS2V5ZWRBcmNoaXZlctEmJ1Ryb290gAEACAARABoAIwAtADIANwBAAEYATQBVAGAAZwBqAGwAbgBxAHMAdQB3AIQAjgC9AMIAygKyArQCuQLEAs0C2wLfAuYC7wL0AwEDBAMWAxkDHgAAAAAAAAIBAAAAAAAAACgAAAAAAAAAAAAAAAAAAAMg}}

@article{Gardes2005,
	Author = {Gardes, Fran{\c c}ois and Duncan, Greg J and Gaubert, Patrice and Gurgand, Marc and Starzec, Christophe},
	Date-Added = {2016-11-15 07:32:53 +0000},
	Date-Modified = {2016-11-15 07:33:03 +0000},
	Doi = {10.1198/073500104000000587},
	Issn = {1537-2707},
	Journal = {Journal of Business & Economic Statistics},
	Month = {Apr},
	Number = {2},
	Pages = {242--253},
	Publisher = {Informa UK Limited},
	Title = {Panel and Pseudo-Panel Estimation of Cross-Sectional and Time Series Elasticities of Food Consumption},
	Url = {http://dx.doi.org/10.1198/073500104000000587},
	Volume = {23},
	Year = {2005},
	Bdsk-Url-1 = {http://dx.doi.org/10.1198/073500104000000587}}

@article{Portnov2016,
	Abstract = {Measures of price momentum, typically a moving average of previous price changes, are known to improve the predictive power of empirical price models. We introduce polynomiallysmoothed price-trend derivatives as a refined momentum measure and apply them to a database of 216 consecutive months of Israeli housing prices. Over the entire housing price cycle and for phases characterized by prices that increase or decrease at an accelerating or decelerating rate, our models perform better than models with only economic fundamentals or those that add a moving average of past prices. We also show that some predictor variables that are significant over the entire housing cycle are not key predictors in all four phases; moreover, momentum is a key explanatory variable in some but not all phases of the housing price cycle. [ABSTRACT FROM AUTHOR]},
	Author = {Portnov, Boris A. and Ingene, Charles and Akron, Sagi},
	Date-Added = {2016-11-03 18:59:21 +0000},
	Date-Modified = {2016-11-03 18:59:35 +0000},
	Issn = {08965803},
	Journal = {Journal of Real Estate Research},
	Keywords = {Home prices, Housing -- Israel, Momentum (Mechanics), Variables (Mathematics), Cycles},
	Number = {3},
	Pages = {393 - 422},
	Title = {Long-Term Natural Cycle Momentum and Housing Price Changes in Israel, 1995-2013.},
	Url = {http://w3.bgu.ac.il/lib/customproxy.php?url=http%3a%2f%2fsearch.ebscohost.com%2flogin.aspx%3fdirect%3dtrue%26db%3dbth%26AN%3d119045439%26site%3deds-live%26scope%3dsite},
	Volume = {38},
	Year = {2016},
	Bdsk-File-1 = {YnBsaXN0MDDUAQIDBAUGJCVYJHZlcnNpb25YJG9iamVjdHNZJGFyY2hpdmVyVCR0b3ASAAGGoKgHCBMUFRYaIVUkbnVsbNMJCgsMDxJXTlMua2V5c1pOUy5vYmplY3RzViRjbGFzc6INDoACgAOiEBGABIAFgAdccmVsYXRpdmVQYXRoWWFsaWFzRGF0YV8QKy4uL2JpYmxpb2dyYXBoeS9iaWJ0ZXgtcGRmcy9Qb3J0bm92MjAxNi5wZGbSFwsYGVdOUy5kYXRhTxEB4AAAAAAB4AACAAAEQW1hYwAAAAAAAAAAAAAAAAAAAAAAAAAAAAAA0cfRdUgrAAABI3rOD1BvcnRub3YyMDE2LnBkZgAAAAAAAAAAAAAAAAAAAAAAAAAAAAAAAAAAAAAAAAAAAAAAAAAAAAAAAAAAAAAAAANjrgzUQVWHAAAAAAAAAAAAAQADAAAJIAAAAAAAAAAAAAAAAAAAAAtiaWJ0ZXgtcGRmcwAAEAAIAADRx6dFAAAAEQAIAADUQTlnAAAAAQAYASN6zgGzgbsBseNrAdYfHAAGutsABmgNAAIAY0FtYWM6VXNlcnM6AEFidURhdmlkOgBPbmVEcml2ZSAtIHBvc3QuYmd1LmFjLmlsOgBzY2hvb2w6AGJpYmxpb2dyYXBoeToAYmlidGV4LXBkZnM6AFBvcnRub3YyMDE2LnBkZgAADgAgAA8AUABvAHIAdABuAG8AdgAyADAAMQA2AC4AcABkAGYADwAKAAQAQQBtAGEAYwASAFhVc2Vycy9BYnVEYXZpZC9PbmVEcml2ZSAtIHBvc3QuYmd1LmFjLmlsL3NjaG9vbC9iaWJsaW9ncmFwaHkvYmlidGV4LXBkZnMvUG9ydG5vdjIwMTYucGRmABMAAS8AABUAAgAP//8AAIAG0hscHR5aJGNsYXNzbmFtZVgkY2xhc3Nlc11OU011dGFibGVEYXRhox0fIFZOU0RhdGFYTlNPYmplY3TSGxwiI1xOU0RpY3Rpb25hcnmiIiBfEA9OU0tleWVkQXJjaGl2ZXLRJidUcm9vdIABAAgAEQAaACMALQAyADcAQABGAE0AVQBgAGcAagBsAG4AcQBzAHUAdwCEAI4AvADBAMkCrQKvArQCvwLIAtYC2gLhAuoC7wL8Av8DEQMUAxkAAAAAAAACAQAAAAAAAAAoAAAAAAAAAAAAAAAAAAADGw==},
	Bdsk-Url-1 = {http://w3.bgu.ac.il/lib/customproxy.php?url=http%3a%2f%2fsearch.ebscohost.com%2flogin.aspx%3fdirect%3dtrue%26db%3dbth%26AN%3d119045439%26site%3deds-live%26scope%3dsite}}

@techreport{Cristinin2011,
	Author = {Cristini, Annalisa; Sevilla Sanz, Almudena},
	Date-Added = {2016-11-03 12:53:24 +0000},
	Date-Modified = {2016-11-03 12:55:10 +0000},
	Institution = {Oxford U.},
	Number = {589},
	Title = {Do House Prices Affect Consumption? A Comparison Exercise},
	Type = {Working Paper},
	Year = {2011},
	Bdsk-File-1 = {YnBsaXN0MDDUAQIDBAUGJCVYJHZlcnNpb25YJG9iamVjdHNZJGFyY2hpdmVyVCR0b3ASAAGGoKgHCBMUFRYaIVUkbnVsbNMJCgsMDxJXTlMua2V5c1pOUy5vYmplY3RzViRjbGFzc6INDoACgAOiEBGABIAFgAdccmVsYXRpdmVQYXRoWWFsaWFzRGF0YV8QLS4uL2JpYmxpb2dyYXBoeS9iaWJ0ZXgtcGRmcy9DcmlzdGluaW4yMDExLnBkZtIXCxgZV05TLmRhdGFPEQHoAAAAAAHoAAIAAARBbWFjAAAAAAAAAAAAAAAAAAAAAAAAAAAAAADRx9F1SCsAAAEjes4RQ3Jpc3RpbmluMjAxMS5wZGYAAAAAAAAAAAAAAAAAAAAAAAAAAAAAAAAAAAAAAAAAAAAAAAAAAAAAAAAAAAAAA2M7rNRA/08AAAAAAAAAAAABAAMAAAkgAAAAAAAAAAAAAAAAAAAAC2JpYnRleC1wZGZzAAAQAAgAANHHp0UAAAARAAgAANRA4y8AAAABABgBI3rOAbOBuwGx42sB1h8cAAa62wAGaA0AAgBlQW1hYzpVc2VyczoAQWJ1RGF2aWQ6AE9uZURyaXZlIC0gcG9zdC5iZ3UuYWMuaWw6AHNjaG9vbDoAYmlibGlvZ3JhcGh5OgBiaWJ0ZXgtcGRmczoAQ3Jpc3RpbmluMjAxMS5wZGYAAA4AJAARAEMAcgBpAHMAdABpAG4AaQBuADIAMAAxADEALgBwAGQAZgAPAAoABABBAG0AYQBjABIAWlVzZXJzL0FidURhdmlkL09uZURyaXZlIC0gcG9zdC5iZ3UuYWMuaWwvc2Nob29sL2JpYmxpb2dyYXBoeS9iaWJ0ZXgtcGRmcy9DcmlzdGluaW4yMDExLnBkZgATAAEvAAAVAAIAD///AACABtIbHB0eWiRjbGFzc25hbWVYJGNsYXNzZXNdTlNNdXRhYmxlRGF0YaMdHyBWTlNEYXRhWE5TT2JqZWN00hscIiNcTlNEaWN0aW9uYXJ5oiIgXxAPTlNLZXllZEFyY2hpdmVy0SYnVHJvb3SAAQAIABEAGgAjAC0AMgA3AEAARgBNAFUAYABnAGoAbABuAHEAcwB1AHcAhACOAL4AwwDLArcCuQK+AskC0gLgAuQC6wL0AvkDBgMJAxsDHgMjAAAAAAAAAgEAAAAAAAAAKAAAAAAAAAAAAAAAAAAAAyU=}}

@article{Disney2010,
	Abstract = {We examine the impact of unanticipated housing capital gains on consumption behavior using data from the British Household Panel Survey and county-level house price data. We condition the models on household financial expectations and on household real financial capital gains imputed from the Family Resources Survey. We find a marginal propensity to consume out of unanticipated shocks to housing wealth of 0.01. Omitting the measure of financial expectations biases the results upward. We find little evidence of heterogeneity in responses of young and old homeowners, but differences between owners and renters. We also find asymmetric behavior between house price rises and falls, and a disproportionate impact on saving if the household had negative housing equity at the start of the period.},
	Author = {Richard Disney, John Gathergood, Andrew Henley},
	Date-Added = {2016-11-03 12:20:26 +0000},
	Date-Modified = {2016-11-03 12:21:09 +0000},
	Issn = {15424766, 15424774},
	Journal = {Journal of the European Economic Association},
	Number = {6},
	Pages = {1179-1207},
	Publisher = {[Wiley, European Economic Association]},
	Title = {House Price Shocks, Negative Equity, And Household Consumption In The United Kingdom},
	Url = {http://www.jstor.org/stable/40961556},
	Volume = {8},
	Year = {2010},
	Bdsk-File-1 = {YnBsaXN0MDDUAQIDBAUGJCVYJHZlcnNpb25YJG9iamVjdHNZJGFyY2hpdmVyVCR0b3ASAAGGoKgHCBMUFRYaIVUkbnVsbNMJCgsMDxJXTlMua2V5c1pOUy5vYmplY3RzViRjbGFzc6INDoACgAOiEBGABIAFgAdccmVsYXRpdmVQYXRoWWFsaWFzRGF0YV8QKi4uL2JpYmxpb2dyYXBoeS9iaWJ0ZXgtcGRmcy9EaXNuZXkyMDEwLnBkZtIXCxgZV05TLmRhdGFPEQHcAAAAAAHcAAIAAARBbWFjAAAAAAAAAAAAAAAAAAAAAAAAAAAAAADRx9F1SCsAAAEjes4ORGlzbmV5MjAxMC5wZGYAAAAAAAAAAAAAAAAAAAAAAAAAAAAAAAAAAAAAAAAAAAAAAAAAAAAAAAAAAAAAAAAAA2M39dRA+BoAAAAAAAAAAAABAAMAAAkgAAAAAAAAAAAAAAAAAAAAC2JpYnRleC1wZGZzAAAQAAgAANHHp0UAAAARAAgAANRA2/oAAAABABgBI3rOAbOBuwGx42sB1h8cAAa62wAGaA0AAgBiQW1hYzpVc2VyczoAQWJ1RGF2aWQ6AE9uZURyaXZlIC0gcG9zdC5iZ3UuYWMuaWw6AHNjaG9vbDoAYmlibGlvZ3JhcGh5OgBiaWJ0ZXgtcGRmczoARGlzbmV5MjAxMC5wZGYADgAeAA4ARABpAHMAbgBlAHkAMgAwADEAMAAuAHAAZABmAA8ACgAEAEEAbQBhAGMAEgBXVXNlcnMvQWJ1RGF2aWQvT25lRHJpdmUgLSBwb3N0LmJndS5hYy5pbC9zY2hvb2wvYmlibGlvZ3JhcGh5L2JpYnRleC1wZGZzL0Rpc25leTIwMTAucGRmAAATAAEvAAAVAAIAD///AACABtIbHB0eWiRjbGFzc25hbWVYJGNsYXNzZXNdTlNNdXRhYmxlRGF0YaMdHyBWTlNEYXRhWE5TT2JqZWN00hscIiNcTlNEaWN0aW9uYXJ5oiIgXxAPTlNLZXllZEFyY2hpdmVy0SYnVHJvb3SAAQAIABEAGgAjAC0AMgA3AEAARgBNAFUAYABnAGoAbABuAHEAcwB1AHcAhACOALsAwADIAqgCqgKvAroCwwLRAtUC3ALlAuoC9wL6AwwDDwMUAAAAAAAAAgEAAAAAAAAAKAAAAAAAAAAAAAAAAAAAAxY=},
	Bdsk-Url-1 = {http://www.jstor.org/stable/40961556}}

@article{Browning2013,
	Author = {Browning, Martin and G{\o}rtz, Mette and Leth-Petersen, S{\o}ren},
	Date-Added = {2016-11-03 10:27:11 +0000},
	Date-Modified = {2016-11-03 11:15:03 +0000},
	Doi = {10.1111/ecoj.12017},
	Issn = {0013-0133},
	Journal = {The Economic Journal},
	Month = {Apr},
	Number = {568},
	Pages = {401--428},
	Publisher = {Wiley-Blackwell},
	Title = {Housing Wealth and Consumption: A Micro Panel Study},
	Volume = {123},
	Year = {2013},
	Bdsk-File-1 = {YnBsaXN0MDDUAQIDBAUGJCVYJHZlcnNpb25YJG9iamVjdHNZJGFyY2hpdmVyVCR0b3ASAAGGoKgHCBMUFRYaIVUkbnVsbNMJCgsMDxJXTlMua2V5c1pOUy5vYmplY3RzViRjbGFzc6INDoACgAOiEBGABIAFgAdccmVsYXRpdmVQYXRoWWFsaWFzRGF0YV8QLC4uL2JpYmxpb2dyYXBoeS9iaWJ0ZXgtcGRmcy9Ccm93bmluZzIwMTMucGRm0hcLGBlXTlMuZGF0YU8RAeQAAAAAAeQAAgAABEFtYWMAAAAAAAAAAAAAAAAAAAAAAAAAAAAAANHH0XVIKwAAASN6zhBCcm93bmluZzIwMTMucGRmAAAAAAAAAAAAAAAAAAAAAAAAAAAAAAAAAAAAAAAAAAAAAAAAAAAAAAAAAAAAAAADY05a1EDd8FBERiAAAAAAAAEAAwAACSAAAAAAAAAAAAAAAAAAAAALYmlidGV4LXBkZnMAABAACAAA0cenRQAAABEACAAA1EDB0AAAAAEAGAEjes4Bs4G7AbHjawHWHxwABrrbAAZoDQACAGRBbWFjOlVzZXJzOgBBYnVEYXZpZDoAT25lRHJpdmUgLSBwb3N0LmJndS5hYy5pbDoAc2Nob29sOgBiaWJsaW9ncmFwaHk6AGJpYnRleC1wZGZzOgBCcm93bmluZzIwMTMucGRmAA4AIgAQAEIAcgBvAHcAbgBpAG4AZwAyADAAMQAzAC4AcABkAGYADwAKAAQAQQBtAGEAYwASAFlVc2Vycy9BYnVEYXZpZC9PbmVEcml2ZSAtIHBvc3QuYmd1LmFjLmlsL3NjaG9vbC9iaWJsaW9ncmFwaHkvYmlidGV4LXBkZnMvQnJvd25pbmcyMDEzLnBkZgAAEwABLwAAFQACAA///wAAgAbSGxwdHlokY2xhc3NuYW1lWCRjbGFzc2VzXU5TTXV0YWJsZURhdGGjHR8gVk5TRGF0YVhOU09iamVjdNIbHCIjXE5TRGljdGlvbmFyeaIiIF8QD05TS2V5ZWRBcmNoaXZlctEmJ1Ryb290gAEACAARABoAIwAtADIANwBAAEYATQBVAGAAZwBqAGwAbgBxAHMAdQB3AIQAjgC9AMIAygKyArQCuQLEAs0C2wLfAuYC7wL0AwEDBAMWAxkDHgAAAAAAAAIBAAAAAAAAACgAAAAAAAAAAAAAAAAAAAMg},
	Bdsk-Url-1 = {http://dx.doi.org/10.1111/ecoj.12017}}

@techreport{carroll2006,
	Address = {Cambridge, MA},
	Author = {Christopher D. Carroll; Misuzu Otsuka; Jirka Slacalek},
	Date-Added = {2016-11-01 18:27:06 +0000},
	Date-Modified = {2016-11-01 18:29:12 +0000},
	Institution = {National Bureau of Economic Research},
	Month = {December},
	Number = {12746},
	Title = {How Large is the Housing Wealth Effect? A New Approach},
	Type = {Working Paper},
	Year = {2006},
	Bdsk-File-1 = {YnBsaXN0MDDUAQIDBAUGJCVYJHZlcnNpb25YJG9iamVjdHNZJGFyY2hpdmVyVCR0b3ASAAGGoKgHCBMUFRYaIVUkbnVsbNMJCgsMDxJXTlMua2V5c1pOUy5vYmplY3RzViRjbGFzc6INDoACgAOiEBGABIAFgAdccmVsYXRpdmVQYXRoWWFsaWFzRGF0YV8QKy4uL2JpYmxpb2dyYXBoeS9iaWJ0ZXgtcGRmcy9jYXJyb2xsMjAwNi5wZGbSFwsYGVdOUy5kYXRhTxEB4AAAAAAB4AACAAAEQW1hYwAAAAAAAAAAAAAAAAAAAAAAAAAAAAAA0cfRdUgrAAABI3rOD2NhcnJvbGwyMDA2LnBkZgAAAAAAAAAAAAAAAAAAAAAAAAAAAAAAAAAAAAAAAAAAAAAAAAAAAAAAAAAAAAAAAANipl7UPnEXUERGIAAAAAAAAQADAAAJIAAAAAAAAAAAAAAAAAAAAAtiaWJ0ZXgtcGRmcwAAEAAIAADRx6dFAAAAEQAIAADUPlT3AAAAAQAYASN6zgGzgbsBseNrAdYfHAAGutsABmgNAAIAY0FtYWM6VXNlcnM6AEFidURhdmlkOgBPbmVEcml2ZSAtIHBvc3QuYmd1LmFjLmlsOgBzY2hvb2w6AGJpYmxpb2dyYXBoeToAYmlidGV4LXBkZnM6AGNhcnJvbGwyMDA2LnBkZgAADgAgAA8AYwBhAHIAcgBvAGwAbAAyADAAMAA2AC4AcABkAGYADwAKAAQAQQBtAGEAYwASAFhVc2Vycy9BYnVEYXZpZC9PbmVEcml2ZSAtIHBvc3QuYmd1LmFjLmlsL3NjaG9vbC9iaWJsaW9ncmFwaHkvYmlidGV4LXBkZnMvY2Fycm9sbDIwMDYucGRmABMAAS8AABUAAgAP//8AAIAG0hscHR5aJGNsYXNzbmFtZVgkY2xhc3Nlc11OU011dGFibGVEYXRhox0fIFZOU0RhdGFYTlNPYmplY3TSGxwiI1xOU0RpY3Rpb25hcnmiIiBfEA9OU0tleWVkQXJjaGl2ZXLRJidUcm9vdIABAAgAEQAaACMALQAyADcAQABGAE0AVQBgAGcAagBsAG4AcQBzAHUAdwCEAI4AvADBAMkCrQKvArQCvwLIAtYC2gLhAuoC7wL8Av8DEQMUAxkAAAAAAAACAQAAAAAAAAAoAAAAAAAAAAAAAAAAAAADGw==}}

@article{browning1996,
	Abstract = { In this survey, we review the recent theoretical and empirical literature on household saving and consumption. The discussion is structured around a list of motives for saving and how well the standard theory captures these motives. We show that almost all of the motives for saving that have been suggested in the informal saving literature can be captured in the standard optimizing model. Particular attention is given to recent work on the precautionary motive and its implications for saving and consumption behavior. We also discuss the "behavioral" or "psychological" approach that eschews the use of standard optimization techniques and focuses instead on direct consideration on saving. We provide a section on facts: who save and how much. We then discuss informally the recent decline in the U.S. saving rate and whether the theory is of much use in understanding this and other changes in aggregate saving rates over time. We do not find any convincing explanation for the change in saving rates. We also discuss some analyses of saving behavior over the life-cycle, addressing such questions as whether households save "enough" for retirement and whether the consumption patterns of older households can be rationalized within a simple life cycle model. We also review a great number of studies of the consumption Euler equations. Based on our analysis of the studies cited we conclude that there is still mixed evidence that consumption is excessively sensitive to income. We also examine in depth the recent empirical literature on the precautionary motive. We conclude that although some households do seem to have a significant precautionary motive at some points in their life cycle, this motive is not so strong empirically as some investigators suggest.},
	Author = {Browning, Martin and Lusardi, Annamaria},
	Date-Added = {2016-11-01 18:20:52 +0000},
	Date-Modified = {2016-11-01 18:21:05 +0000},
	Journal = {Journal of Economic Literature},
	Number = {4},
	Pages = {1797-1855},
	Title = {Household Saving: Micro Theories and Micro Facts},
	Url = {http://EconPapers.repec.org/RePEc:aea:jeclit:v:34:y:1996:i:4:p:1797-1855},
	Volume = {34},
	Year = {1996},
	Bdsk-File-1 = {YnBsaXN0MDDUAQIDBAUGJCVYJHZlcnNpb25YJG9iamVjdHNZJGFyY2hpdmVyVCR0b3ASAAGGoKgHCBMUFRYaIVUkbnVsbNMJCgsMDxJXTlMua2V5c1pOUy5vYmplY3RzViRjbGFzc6INDoACgAOiEBGABIAFgAdccmVsYXRpdmVQYXRoWWFsaWFzRGF0YV8QLC4uL2JpYmxpb2dyYXBoeS9iaWJ0ZXgtcGRmcy9icm93bmluZzE5OTYucGRm0hcLGBlXTlMuZGF0YU8RAeQAAAAAAeQAAgAABEFtYWMAAAAAAAAAAAAAAAAAAAAAAAAAAAAAANHH0XVIKwAAASN6zhBicm93bmluZzE5OTYucGRmAAAAAAAAAAAAAAAAAAAAAAAAAAAAAAAAAAAAAAAAAAAAAAAAAAAAAAAAAAAAAAADYqJo1D6qPwAAAAAAAAAAAAEAAwAACSAAAAAAAAAAAAAAAAAAAAALYmlidGV4LXBkZnMAABAACAAA0cenRQAAABEACAAA1D6OHwAAAAEAGAEjes4Bs4G7AbHjawHWHxwABrrbAAZoDQACAGRBbWFjOlVzZXJzOgBBYnVEYXZpZDoAT25lRHJpdmUgLSBwb3N0LmJndS5hYy5pbDoAc2Nob29sOgBiaWJsaW9ncmFwaHk6AGJpYnRleC1wZGZzOgBicm93bmluZzE5OTYucGRmAA4AIgAQAGIAcgBvAHcAbgBpAG4AZwAxADkAOQA2AC4AcABkAGYADwAKAAQAQQBtAGEAYwASAFlVc2Vycy9BYnVEYXZpZC9PbmVEcml2ZSAtIHBvc3QuYmd1LmFjLmlsL3NjaG9vbC9iaWJsaW9ncmFwaHkvYmlidGV4LXBkZnMvYnJvd25pbmcxOTk2LnBkZgAAEwABLwAAFQACAA///wAAgAbSGxwdHlokY2xhc3NuYW1lWCRjbGFzc2VzXU5TTXV0YWJsZURhdGGjHR8gVk5TRGF0YVhOU09iamVjdNIbHCIjXE5TRGljdGlvbmFyeaIiIF8QD05TS2V5ZWRBcmNoaXZlctEmJ1Ryb290gAEACAARABoAIwAtADIANwBAAEYATQBVAGAAZwBqAGwAbgBxAHMAdQB3AIQAjgC9AMIAygKyArQCuQLEAs0C2wLfAuYC7wL0AwEDBAMWAxkDHgAAAAAAAAIBAAAAAAAAACgAAAAAAAAAAAAAAAAAAAMg},
	Bdsk-Url-1 = {http://EconPapers.repec.org/RePEc:aea:jeclit:v:34:y:1996:i:4:p:1797-1855}}

@article{Sinai2005,
	Abstract = {The conventional wisdom that homeownership is very risky ignores the fact that the alternative, renting, is also risky. Owning a house provides a hedge against fluctuations in housing costs, but in turn introduces asset price risk. In a simple model of tenure choice with endogenous house prices, we show that the net risk of owning declines with a household's expected horizon in its house and with the correlation in housing costs in future locations. Empirically, we find that both house prices, relative to rents, and the probability of homeownership increase with net rent risk.},
	Author = {Sinai, Todd and Souleles, Nicholas S.},
	Date-Added = {2016-11-01 16:46:59 +0000},
	Date-Modified = {2016-11-01 16:47:15 +0000},
	Doi = {10.1093/qje/120.2.763},
	Eprint = {http://qje.oxfordjournals.org/content/120/2/763.full.pdf+html},
	Journal = {The Quarterly Journal of Economics},
	Number = {2},
	Pages = {763-789},
	Title = {Owner-Occupied Housing as a Hedge Against Rent Risk},
	Url = {http://qje.oxfordjournals.org/content/120/2/763.abstract},
	Volume = {120},
	Year = {2005},
	Bdsk-File-1 = {YnBsaXN0MDDUAQIDBAUGJCVYJHZlcnNpb25YJG9iamVjdHNZJGFyY2hpdmVyVCR0b3ASAAGGoKgHCBMUFRYaIVUkbnVsbNMJCgsMDxJXTlMua2V5c1pOUy5vYmplY3RzViRjbGFzc6INDoACgAOiEBGABIAFgAdccmVsYXRpdmVQYXRoWWFsaWFzRGF0YV8QLS4uL2JpYmxpb2dyYXBoeS9iaWJ0ZXgtcGRmcy9TaW5haTAxMDUyMDA1LnBkZtIXCxgZV05TLmRhdGFPEQHoAAAAAAHoAAIAAARBbWFjAAAAAAAAAAAAAAAAAAAAAAAAAAAAAADRx9F1SCsAAAEjes4RU2luYWkwMTA1MjAwNS5wZGYAAAAAAAAAAAAAAAAAAAAAAAAAAAAAAAAAAAAAAAAAAAAAAAAAAAAAAAAAAAAAA2KFI9Q+k1wAAAAAAAAAAAABAAMAAAkgAAAAAAAAAAAAAAAAAAAAC2JpYnRleC1wZGZzAAAQAAgAANHHp0UAAAARAAgAANQ+dzwAAAABABgBI3rOAbOBuwGx42sB1h8cAAa62wAGaA0AAgBlQW1hYzpVc2VyczoAQWJ1RGF2aWQ6AE9uZURyaXZlIC0gcG9zdC5iZ3UuYWMuaWw6AHNjaG9vbDoAYmlibGlvZ3JhcGh5OgBiaWJ0ZXgtcGRmczoAU2luYWkwMTA1MjAwNS5wZGYAAA4AJAARAFMAaQBuAGEAaQAwADEAMAA1ADIAMAAwADUALgBwAGQAZgAPAAoABABBAG0AYQBjABIAWlVzZXJzL0FidURhdmlkL09uZURyaXZlIC0gcG9zdC5iZ3UuYWMuaWwvc2Nob29sL2JpYmxpb2dyYXBoeS9iaWJ0ZXgtcGRmcy9TaW5haTAxMDUyMDA1LnBkZgATAAEvAAAVAAIAD///AACABtIbHB0eWiRjbGFzc25hbWVYJGNsYXNzZXNdTlNNdXRhYmxlRGF0YaMdHyBWTlNEYXRhWE5TT2JqZWN00hscIiNcTlNEaWN0aW9uYXJ5oiIgXxAPTlNLZXllZEFyY2hpdmVy0SYnVHJvb3SAAQAIABEAGgAjAC0AMgA3AEAARgBNAFUAYABnAGoAbABuAHEAcwB1AHcAhACOAL4AwwDLArcCuQK+AskC0gLgAuQC6wL0AvkDBgMJAxsDHgMjAAAAAAAAAgEAAAAAAAAAKAAAAAAAAAAAAAAAAAAAAyU=},
	Bdsk-Url-1 = {http://qje.oxfordjournals.org/content/120/2/763.abstract},
	Bdsk-Url-2 = {http://dx.doi.org/10.1093/qje/120.2.763}}

@article{Benjamin2004,
	Abstract = {The consumption function for the U.S. economy is estimated with real estate and financial wealth for quarterly data for 1952:1--2001:4. An additional dollar of real estate wealth increases consumption by 8 cents in the current year, as compared with only 2 cents for financial wealth. The results are consistent with theoretical bounds on the marginal propensity to consume from aggregate wealth. The decline in the stock market during 2000--2001 had a limited impact on aggregate demand in part because of an offsetting real estate wealth effect.},
	Author = {Benjamin, John D. and Chinloy, Peter and Jud, G. Donald},
	Date-Added = {2016-11-01 16:36:39 +0000},
	Date-Modified = {2016-11-01 16:36:39 +0000},
	Doi = {10.1023/B:REAL.0000036677.42950.98},
	Issn = {1573-045X},
	Journal = {The Journal of Real Estate Finance and Economics},
	Number = {3},
	Pages = {341--354},
	Title = {Real Estate Versus Financial Wealth in Consumption},
	Url = {http://dx.doi.org/10.1023/B:REAL.0000036677.42950.98},
	Volume = {29},
	Year = {2004},
	Bdsk-File-1 = {YnBsaXN0MDDUAQIDBAUGJCVYJHZlcnNpb25YJG9iamVjdHNZJGFyY2hpdmVyVCR0b3ASAAGGoKgHCBMUFRYaIVUkbnVsbNMJCgsMDxJXTlMua2V5c1pOUy5vYmplY3RzViRjbGFzc6INDoACgAOiEBGABIAFgAdccmVsYXRpdmVQYXRoWWFsaWFzRGF0YV8QLC4uL2JpYmxpb2dyYXBoeS9iaWJ0ZXgtcGRmcy9CZW5qYW1pbjIwMDQucGRm0hcLGBlXTlMuZGF0YU8RAeQAAAAAAeQAAgAABEFtYWMAAAAAAAAAAAAAAAAAAAAAAAAAAAAAANHH0XVIKwAAASN6zhBCZW5qYW1pbjIwMDQucGRmAAAAAAAAAAAAAAAAAAAAAAAAAAAAAAAAAAAAAAAAAAAAAAAAAAAAAAAAAAAAAAADYoHb1D6Q1AAAAAAAAAAAAAEAAwAACSAAAAAAAAAAAAAAAAAAAAALYmlidGV4LXBkZnMAABAACAAA0cenRQAAABEACAAA1D50tAAAAAEAGAEjes4Bs4G7AbHjawHWHxwABrrbAAZoDQACAGRBbWFjOlVzZXJzOgBBYnVEYXZpZDoAT25lRHJpdmUgLSBwb3N0LmJndS5hYy5pbDoAc2Nob29sOgBiaWJsaW9ncmFwaHk6AGJpYnRleC1wZGZzOgBCZW5qYW1pbjIwMDQucGRmAA4AIgAQAEIAZQBuAGoAYQBtAGkAbgAyADAAMAA0AC4AcABkAGYADwAKAAQAQQBtAGEAYwASAFlVc2Vycy9BYnVEYXZpZC9PbmVEcml2ZSAtIHBvc3QuYmd1LmFjLmlsL3NjaG9vbC9iaWJsaW9ncmFwaHkvYmlidGV4LXBkZnMvQmVuamFtaW4yMDA0LnBkZgAAEwABLwAAFQACAA///wAAgAbSGxwdHlokY2xhc3NuYW1lWCRjbGFzc2VzXU5TTXV0YWJsZURhdGGjHR8gVk5TRGF0YVhOU09iamVjdNIbHCIjXE5TRGljdGlvbmFyeaIiIF8QD05TS2V5ZWRBcmNoaXZlctEmJ1Ryb290gAEACAARABoAIwAtADIANwBAAEYATQBVAGAAZwBqAGwAbgBxAHMAdQB3AIQAjgC9AMIAygKyArQCuQLEAs0C2wLfAuYC7wL0AwEDBAMWAxkDHgAAAAAAAAIBAAAAAAAAACgAAAAAAAAAAAAAAAAAAAMg},
	Bdsk-Url-1 = {http://dx.doi.org/10.1023/B:REAL.0000036677.42950.98}}

@article{poterba2000,
	Author = {James M. Poterba},
	Date-Added = {2016-11-01 15:04:37 +0000},
	Date-Modified = {2016-11-01 15:04:46 +0000},
	Issn = {08953309},
	Journal = {The Journal of Economic Perspectives},
	Number = {2},
	Pages = {99-118},
	Publisher = {American Economic Association},
	Title = {Stock Market Wealth and Consumption},
	Url = {http://www.jstor.org/stable/2647097},
	Volume = {14},
	Year = {2000},
	Bdsk-File-1 = {YnBsaXN0MDDUAQIDBAUGJCVYJHZlcnNpb25YJG9iamVjdHNZJGFyY2hpdmVyVCR0b3ASAAGGoKgHCBMUFRYaIVUkbnVsbNMJCgsMDxJXTlMua2V5c1pOUy5vYmplY3RzViRjbGFzc6INDoACgAOiEBGABIAFgAdccmVsYXRpdmVQYXRoWWFsaWFzRGF0YV8QKy4uL2JpYmxpb2dyYXBoeS9iaWJ0ZXgtcGRmcy9wb3RlcmJhMjAwMC5wZGbSFwsYGVdOUy5kYXRhTxEB4AAAAAAB4AACAAAEQW1hYwAAAAAAAAAAAAAAAAAAAAAAAAAAAAAA0cfRdUgrAAABI3rOD3BvdGVyYmEyMDAwLnBkZgAAAAAAAAAAAAAAAAAAAAAAAAAAAAAAAAAAAAAAAAAAAAAAAAAAAAAAAAAAAAAAAANidv3UPnvEAAAAAAAAAAAAAQADAAAJIAAAAAAAAAAAAAAAAAAAAAtiaWJ0ZXgtcGRmcwAAEAAIAADRx6dFAAAAEQAIAADUPl+kAAAAAQAYASN6zgGzgbsBseNrAdYfHAAGutsABmgNAAIAY0FtYWM6VXNlcnM6AEFidURhdmlkOgBPbmVEcml2ZSAtIHBvc3QuYmd1LmFjLmlsOgBzY2hvb2w6AGJpYmxpb2dyYXBoeToAYmlidGV4LXBkZnM6AHBvdGVyYmEyMDAwLnBkZgAADgAgAA8AcABvAHQAZQByAGIAYQAyADAAMAAwAC4AcABkAGYADwAKAAQAQQBtAGEAYwASAFhVc2Vycy9BYnVEYXZpZC9PbmVEcml2ZSAtIHBvc3QuYmd1LmFjLmlsL3NjaG9vbC9iaWJsaW9ncmFwaHkvYmlidGV4LXBkZnMvcG90ZXJiYTIwMDAucGRmABMAAS8AABUAAgAP//8AAIAG0hscHR5aJGNsYXNzbmFtZVgkY2xhc3Nlc11OU011dGFibGVEYXRhox0fIFZOU0RhdGFYTlNPYmplY3TSGxwiI1xOU0RpY3Rpb25hcnmiIiBfEA9OU0tleWVkQXJjaGl2ZXLRJidUcm9vdIABAAgAEQAaACMALQAyADcAQABGAE0AVQBgAGcAagBsAG4AcQBzAHUAdwCEAI4AvADBAMkCrQKvArQCvwLIAtYC2gLhAuoC7wL8Av8DEQMUAxkAAAAAAAACAQAAAAAAAAAoAAAAAAAAAAAAAAAAAAADGw==},
	Bdsk-Url-1 = {http://www.jstor.org/stable/2647097}}

@techreport{carroll1997,
	Abstract = {This paper shows that standard empirical methods for estimating log-linearized consumption Euler equations cannot successfully uncover structural parameters like the coefficient of relative risk aversion from the dataset of simulated consumers behaving exactly according to the standard model.  Furthermore, consumption growth for the simulated consumers is very highly statistically related to predictable income growth - and thus standard 'excess sensitivity' tests would reject the hypothesis that consumers are behaving according to the standard model.  Results are not much better for the second-order approximation to the Euler equation.  The paper concludes that empirical estimation of consumption Euler equations should not be abandoned, and discusses some alternative empirical strategies that are not subject to the problems of Euler equation estimation.},
	Author = {Christopher D. Carroll},
	Date-Added = {2016-11-01 14:27:09 +0000},
	Date-Modified = {2016-11-01 14:27:27 +0000},
	Doi = {10.3386/w6298},
	Institution = {National Bureau of Economic Research},
	Month = {December},
	Number = {6298},
	Series = {Working Paper Series},
	Title = {Death to the Log-Linearized Consumption Euler Equation! (And Very Poor Health to the Second-Order Approximation)},
	Type = {Working Paper},
	Url = {http://www.nber.org/papers/w6298},
	Year = {1997},
	Bdsk-File-1 = {YnBsaXN0MDDUAQIDBAUGJCVYJHZlcnNpb25YJG9iamVjdHNZJGFyY2hpdmVyVCR0b3ASAAGGoKgHCBMUFRYaIVUkbnVsbNMJCgsMDxJXTlMua2V5c1pOUy5vYmplY3RzViRjbGFzc6INDoACgAOiEBGABIAFgAdccmVsYXRpdmVQYXRoWWFsaWFzRGF0YV8QKS4uL2JpYmxpb2dyYXBoeS9iaWJ0ZXgtcGRmcy9OQkVSdzYyOTgucGRm0hcLGBlXTlMuZGF0YU8RAdgAAAAAAdgAAgAABEFtYWMAAAAAAAAAAAAAAAAAAAAAAAAAAAAAANHH0XVIKwAAASN6zg1OQkVSdzYyOTgucGRmAAAAAAAAAAAAAAAAAAAAAAAAAAAAAAAAAAAAAAAAAAAAAAAAAAAAAAAAAAAAAAAAAAADYnM71D5yrgAAAAAAAAAAAAEAAwAACSAAAAAAAAAAAAAAAAAAAAALYmlidGV4LXBkZnMAABAACAAA0cenRQAAABEACAAA1D5WjgAAAAEAGAEjes4Bs4G7AbHjawHWHxwABrrbAAZoDQACAGFBbWFjOlVzZXJzOgBBYnVEYXZpZDoAT25lRHJpdmUgLSBwb3N0LmJndS5hYy5pbDoAc2Nob29sOgBiaWJsaW9ncmFwaHk6AGJpYnRleC1wZGZzOgBOQkVSdzYyOTgucGRmAAAOABwADQBOAEIARQBSAHcANgAyADkAOAAuAHAAZABmAA8ACgAEAEEAbQBhAGMAEgBWVXNlcnMvQWJ1RGF2aWQvT25lRHJpdmUgLSBwb3N0LmJndS5hYy5pbC9zY2hvb2wvYmlibGlvZ3JhcGh5L2JpYnRleC1wZGZzL05CRVJ3NjI5OC5wZGYAEwABLwAAFQACAA///wAAgAbSGxwdHlokY2xhc3NuYW1lWCRjbGFzc2VzXU5TTXV0YWJsZURhdGGjHR8gVk5TRGF0YVhOU09iamVjdNIbHCIjXE5TRGljdGlvbmFyeaIiIF8QD05TS2V5ZWRBcmNoaXZlctEmJ1Ryb290gAEACAARABoAIwAtADIANwBAAEYATQBVAGAAZwBqAGwAbgBxAHMAdQB3AIQAjgC6AL8AxwKjAqUCqgK1Ar4CzALQAtcC4ALlAvIC9QMHAwoDDwAAAAAAAAIBAAAAAAAAACgAAAAAAAAAAAAAAAAAAAMR},
	Bdsk-Url-1 = {http://www.nber.org/papers/w6298},
	Bdsk-Url-2 = {http://dx.doi.org/10.3386/w6298}}

@article{hall1978,
	Abstract = { Optimization of the part of consumers is shown to imply that the marginal utility of consumption evolves according to a random walk with trend. To a reasonable approximation, consumption itself should evolve in the same way. In particular, no variable apart from current consumption should be of any value in predicting future consumption. This implication is tested with time-series data for the postwar United States. It is confirmed for real disposable income, which has no predictive power for consumption, but rejected for an index of stock prices. The paper concludes that the evidence supports a modified version of the life cycle--permanent income hypothesis. },
	Author = {Robert E. Hall},
	Date-Added = {2016-11-01 14:25:54 +0000},
	Date-Modified = {2016-11-01 14:27:09 +0000},
	Doi = {10.1086/260724},
	Eprint = {http://dx.doi.org/10.1086/260724},
	Journal = {Journal of Political Economy},
	Number = {6},
	Pages = {971-987},
	Title = {Stochastic Implications of the Life Cycle-Permanent Income Hypothesis: Theory and Evidence},
	Url = {http://dx.doi.org/10.1086/260724},
	Volume = {86},
	Year = {1978},
	Bdsk-Url-1 = {http://dx.doi.org/10.1086/260724}}

@techreport{buiter2008,
	Abstract = {A fall in house prices due to a change in fundamental value redistributes wealth from those long housing (for whom the fundamental value of the house they own exceeds the present discounted value of their planned future consumption of housing services) to those short housing.  In a representative agent model and in the Yaari-Blanchard OLG model used in the paper, there is no pure wealth effect on consumption from a change in house prices if this represents a change in fundamental value. There is a pure wealth effect on consumption from a change in house prices if this reflects a change in the speculative bubble component of house prices. Two other channels through which house prices can affect aggregate consumption are (1) redistribution effects if the marginal propensity to spend out of wealth differs between those long housing and those short housing and (2) collateral or credit effects due to the collateralisability of housing wealth and the non-collateralisability of human wealth.  A decline in house prices reduces the scope for mortgage equity withdrawal.  For given sequences of future after-tax labour income and interest rates, this may depress consumption in the short run while boosting it in the long run.},
	Author = {Willem H. Buiter},
	Date-Added = {2016-11-01 14:08:19 +0000},
	Date-Modified = {2016-11-01 14:08:30 +0000},
	Doi = {10.3386/w14204},
	Institution = {National Bureau of Economic Research},
	Month = {July},
	Number = {14204},
	Series = {Working Paper Series},
	Title = {Housing Wealth Isn't Wealth},
	Type = {Working Paper},
	Url = {http://www.nber.org/papers/w14204},
	Year = {2008},
	Bdsk-File-1 = {YnBsaXN0MDDUAQIDBAUGJCVYJHZlcnNpb25YJG9iamVjdHNZJGFyY2hpdmVyVCR0b3ASAAGGoKgHCBMUFRYaIVUkbnVsbNMJCgsMDxJXTlMua2V5c1pOUy5vYmplY3RzViRjbGFzc6INDoACgAOiEBGABIAFgAdccmVsYXRpdmVQYXRoWWFsaWFzRGF0YV8QKi4uL2JpYmxpb2dyYXBoeS9iaWJ0ZXgtcGRmcy9idWl0ZXIyMDA4LnBkZtIXCxgZV05TLmRhdGFPEQHcAAAAAAHcAAIAAARBbWFjAAAAAAAAAAAAAAAAAAAAAAAAAAAAAADRx9F1SCsAAAEjes4OYnVpdGVyMjAwOC5wZGYAAAAAAAAAAAAAAAAAAAAAAAAAAAAAAAAAAAAAAAAAAAAAAAAAAAAAAAAAAAAAAAAAA2JkstQ+bmMAAAAAAAAAAAABAAMAAAkgAAAAAAAAAAAAAAAAAAAAC2JpYnRleC1wZGZzAAAQAAgAANHHp0UAAAARAAgAANQ+UkMAAAABABgBI3rOAbOBuwGx42sB1h8cAAa62wAGaA0AAgBiQW1hYzpVc2VyczoAQWJ1RGF2aWQ6AE9uZURyaXZlIC0gcG9zdC5iZ3UuYWMuaWw6AHNjaG9vbDoAYmlibGlvZ3JhcGh5OgBiaWJ0ZXgtcGRmczoAYnVpdGVyMjAwOC5wZGYADgAeAA4AYgB1AGkAdABlAHIAMgAwADAAOAAuAHAAZABmAA8ACgAEAEEAbQBhAGMAEgBXVXNlcnMvQWJ1RGF2aWQvT25lRHJpdmUgLSBwb3N0LmJndS5hYy5pbC9zY2hvb2wvYmlibGlvZ3JhcGh5L2JpYnRleC1wZGZzL2J1aXRlcjIwMDgucGRmAAATAAEvAAAVAAIAD///AACABtIbHB0eWiRjbGFzc25hbWVYJGNsYXNzZXNdTlNNdXRhYmxlRGF0YaMdHyBWTlNEYXRhWE5TT2JqZWN00hscIiNcTlNEaWN0aW9uYXJ5oiIgXxAPTlNLZXllZEFyY2hpdmVy0SYnVHJvb3SAAQAIABEAGgAjAC0AMgA3AEAARgBNAFUAYABnAGoAbABuAHEAcwB1AHcAhACOALsAwADIAqgCqgKvAroCwwLRAtUC3ALlAuoC9wL6AwwDDwMUAAAAAAAAAgEAAAAAAAAAKAAAAAAAAAAAAAAAAAAAAxY=},
	Bdsk-Url-1 = {http://www.nber.org/papers/w14204},
	Bdsk-Url-2 = {http://dx.doi.org/10.3386/w14204}}

@article{Bodkin1959,
	Author = {Ronald Bodkin},
	Date-Added = {2016-10-31 18:31:42 +0000},
	Date-Modified = {2016-10-31 18:32:26 +0000},
	Issn = {00028282},
	Journal = {The American Economic Review},
	Number = {4},
	Pages = {602-614},
	Publisher = {American Economic Association},
	Title = {Windfall Income and Consumption},
	Url = {http://www.jstor.org/stable/1812914},
	Volume = {49},
	Year = {1959},
	Bdsk-File-1 = {YnBsaXN0MDDUAQIDBAUGJCVYJHZlcnNpb25YJG9iamVjdHNZJGFyY2hpdmVyVCR0b3ASAAGGoKgHCBMUFRYaIVUkbnVsbNMJCgsMDxJXTlMua2V5c1pOUy5vYmplY3RzViRjbGFzc6INDoACgAOiEBGABIAFgAdccmVsYXRpdmVQYXRoWWFsaWFzRGF0YV8QLy4uL2JpYmxpb2dyYXBoeS9iaWJ0ZXgtcGRmcy8xMC4yMzA3LTE4MTI5MTQucGRm0hcLGBlXTlMuZGF0YU8RAfAAAAAAAfAAAgAABEFtYWMAAAAAAAAAAAAAAAAAAAAAAAAAAAAAANHH0XVIKwAAASN6zhMxMC4yMzA3LTE4MTI5MTQucGRmAAAAAAAAAAAAAAAAAAAAAAAAAAAAAAAAAAAAAAAAAAAAAAAAAAAAAAAAAAADVydC1DZAFQAAAAAAAAAAAAEAAwAACSAAAAAAAAAAAAAAAAAAAAALYmlidGV4LXBkZnMAABAACAAA0cenRQAAABEACAAA1DYV5QAAAAEAGAEjes4Bs4G7AbHjawHWHxwABrrbAAZoDQACAGdBbWFjOlVzZXJzOgBBYnVEYXZpZDoAT25lRHJpdmUgLSBwb3N0LmJndS5hYy5pbDoAc2Nob29sOgBiaWJsaW9ncmFwaHk6AGJpYnRleC1wZGZzOgAxMC4yMzA3LTE4MTI5MTQucGRmAAAOACgAEwAxADAALgAyADMAMAA3AC0AMQA4ADEAMgA5ADEANAAuAHAAZABmAA8ACgAEAEEAbQBhAGMAEgBcVXNlcnMvQWJ1RGF2aWQvT25lRHJpdmUgLSBwb3N0LmJndS5hYy5pbC9zY2hvb2wvYmlibGlvZ3JhcGh5L2JpYnRleC1wZGZzLzEwLjIzMDctMTgxMjkxNC5wZGYAEwABLwAAFQACAA///wAAgAbSGxwdHlokY2xhc3NuYW1lWCRjbGFzc2VzXU5TTXV0YWJsZURhdGGjHR8gVk5TRGF0YVhOU09iamVjdNIbHCIjXE5TRGljdGlvbmFyeaIiIF8QD05TS2V5ZWRBcmNoaXZlctEmJ1Ryb290gAEACAARABoAIwAtADIANwBAAEYATQBVAGAAZwBqAGwAbgBxAHMAdQB3AIQAjgDAAMUAzQLBAsMCyALTAtwC6gLuAvUC/gMDAxADEwMlAygDLQAAAAAAAAIBAAAAAAAAACgAAAAAAAAAAAAAAAAAAAMv},
	Bdsk-Url-1 = {http://www.jstor.org/stable/1812914}}

@article{Lettau2004,
	Author = {Martin Lettau, Sydney C. Ludvigson},
	Date-Added = {2016-10-31 18:29:39 +0000},
	Date-Modified = {2016-10-31 18:30:06 +0000},
	Issn = {00028282},
	Journal = {The American Economic Review},
	Number = {1},
	Pages = {276-299},
	Publisher = {American Economic Association},
	Title = {Understanding Trend and Cycle in Asset Values: Reevaluating the Wealth Effect on Consumption},
	Url = {http://www.jstor.org/stable/3592779},
	Volume = {94},
	Year = {2004},
	Bdsk-File-1 = {YnBsaXN0MDDUAQIDBAUGJCVYJHZlcnNpb25YJG9iamVjdHNZJGFyY2hpdmVyVCR0b3ASAAGGoKgHCBMUFRYaIVUkbnVsbNMJCgsMDxJXTlMua2V5c1pOUy5vYmplY3RzViRjbGFzc6INDoACgAOiEBGABIAFgAdccmVsYXRpdmVQYXRoWWFsaWFzRGF0YV8QKi4uL2JpYmxpb2dyYXBoeS9iaWJ0ZXgtcGRmcy9MZXR0YXUyMDA0LnBkZtIXCxgZV05TLmRhdGFPEQHcAAAAAAHcAAIAAARBbWFjAAAAAAAAAAAAAAAAAAAAAAAAAAAAAADRx9F1SCsAAAEjes4OTGV0dGF1MjAwNC5wZGYAAAAAAAAAAAAAAAAAAAAAAAAAAAAAAAAAAAAAAAAAAAAAAAAAAAAAAAAAAAAAAAAAA2KczNQ9WogAAAAAAAAAAAABAAMAAAkgAAAAAAAAAAAAAAAAAAAAC2JpYnRleC1wZGZzAAAQAAgAANHHp0UAAAARAAgAANQ9PmgAAAABABgBI3rOAbOBuwGx42sB1h8cAAa62wAGaA0AAgBiQW1hYzpVc2VyczoAQWJ1RGF2aWQ6AE9uZURyaXZlIC0gcG9zdC5iZ3UuYWMuaWw6AHNjaG9vbDoAYmlibGlvZ3JhcGh5OgBiaWJ0ZXgtcGRmczoATGV0dGF1MjAwNC5wZGYADgAeAA4ATABlAHQAdABhAHUAMgAwADAANAAuAHAAZABmAA8ACgAEAEEAbQBhAGMAEgBXVXNlcnMvQWJ1RGF2aWQvT25lRHJpdmUgLSBwb3N0LmJndS5hYy5pbC9zY2hvb2wvYmlibGlvZ3JhcGh5L2JpYnRleC1wZGZzL0xldHRhdTIwMDQucGRmAAATAAEvAAAVAAIAD///AACABtIbHB0eWiRjbGFzc25hbWVYJGNsYXNzZXNdTlNNdXRhYmxlRGF0YaMdHyBWTlNEYXRhWE5TT2JqZWN00hscIiNcTlNEaWN0aW9uYXJ5oiIgXxAPTlNLZXllZEFyY2hpdmVy0SYnVHJvb3SAAQAIABEAGgAjAC0AMgA3AEAARgBNAFUAYABnAGoAbABuAHEAcwB1AHcAhACOALsAwADIAqgCqgKvAroCwwLRAtUC3ALlAuoC9wL6AwwDDwMUAAAAAAAAAgEAAAAAAAAAKAAAAAAAAAAAAAAAAAAAAxY=},
	Bdsk-Url-1 = {http://www.jstor.org/stable/3592779}}

@techreport{Sierminska2007,
	Author = {Sierminska, Eva and Takhtamanova, Yelena F.},
	Date-Added = {2016-10-31 18:26:31 +0000},
	Date-Modified = {2016-10-31 18:28:33 +0000},
	Doi = {10.2139/ssrn.1007825},
	Institution = {Federal Reserve Bank of San Francisco: Working Paper Series},
	Issn = {1556-5068},
	Journal = {SSRN Electronic Journal},
	Number = {2007-01},
	Title = {Wealth Effects Out of Financial and Housing Wealth: Cross Country and Age Group Comparisons},
	Url = {http://dx.doi.org/10.2139/ssrn.1007825},
	Year = {2007},
	Bdsk-File-1 = {YnBsaXN0MDDUAQIDBAUGJCVYJHZlcnNpb25YJG9iamVjdHNZJGFyY2hpdmVyVCR0b3ASAAGGoKgHCBMUFRYaIVUkbnVsbNMJCgsMDxJXTlMua2V5c1pOUy5vYmplY3RzViRjbGFzc6INDoACgAOiEBGABIAFgAdccmVsYXRpdmVQYXRoWWFsaWFzRGF0YV8QLi4uL2JpYmxpb2dyYXBoeS9iaWJ0ZXgtcGRmcy9TaWVybWluc2thMjAwNy5wZGbSFwsYGVdOUy5kYXRhTxEB7AAAAAAB7AACAAAEQW1hYwAAAAAAAAAAAAAAAAAAAAAAAAAAAAAA0cfRdUgrAAABI3rOElNpZXJtaW5za2EyMDA3LnBkZgAAAAAAAAAAAAAAAAAAAAAAAAAAAAAAAAAAAAAAAAAAAAAAAAAAAAAAAAAAAANie4TUPVniUERGIAAAAAAAAQADAAAJIAAAAAAAAAAAAAAAAAAAAAtiaWJ0ZXgtcGRmcwAAEAAIAADRx6dFAAAAEQAIAADUPT3CAAAAAQAYASN6zgGzgbsBseNrAdYfHAAGutsABmgNAAIAZkFtYWM6VXNlcnM6AEFidURhdmlkOgBPbmVEcml2ZSAtIHBvc3QuYmd1LmFjLmlsOgBzY2hvb2w6AGJpYmxpb2dyYXBoeToAYmlidGV4LXBkZnM6AFNpZXJtaW5za2EyMDA3LnBkZgAOACYAEgBTAGkAZQByAG0AaQBuAHMAawBhADIAMAAwADcALgBwAGQAZgAPAAoABABBAG0AYQBjABIAW1VzZXJzL0FidURhdmlkL09uZURyaXZlIC0gcG9zdC5iZ3UuYWMuaWwvc2Nob29sL2JpYmxpb2dyYXBoeS9iaWJ0ZXgtcGRmcy9TaWVybWluc2thMjAwNy5wZGYAABMAAS8AABUAAgAP//8AAIAG0hscHR5aJGNsYXNzbmFtZVgkY2xhc3Nlc11OU011dGFibGVEYXRhox0fIFZOU0RhdGFYTlNPYmplY3TSGxwiI1xOU0RpY3Rpb25hcnmiIiBfEA9OU0tleWVkQXJjaGl2ZXLRJidUcm9vdIABAAgAEQAaACMALQAyADcAQABGAE0AVQBgAGcAagBsAG4AcQBzAHUAdwCEAI4AvwDEAMwCvAK+AsMCzgLXAuUC6QLwAvkC/gMLAw4DIAMjAygAAAAAAAACAQAAAAAAAAAoAAAAAAAAAAAAAAAAAAADKg==},
	Bdsk-Url-1 = {http://dx.doi.org/10.2139/ssrn.1007825}}

@techreport{belsky2004,
	Author = {Eric Belsky; Joel Prakken},
	Date-Added = {2016-10-31 18:23:07 +0000},
	Date-Modified = {2016-10-31 18:25:17 +0000},
	Institution = {Harvard U.: Joint Center for Housing Studies},
	Month = {December},
	Number = {W04-13},
	Title = {Housing Wealth Effects: Housing's Impact on Wealth Accumulation, Wealth Distribution and Consumer Spending},
	Year = {2004},
	Bdsk-File-1 = {YnBsaXN0MDDUAQIDBAUGJCVYJHZlcnNpb25YJG9iamVjdHNZJGFyY2hpdmVyVCR0b3ASAAGGoKgHCBMUFRYaIVUkbnVsbNMJCgsMDxJXTlMua2V5c1pOUy5vYmplY3RzViRjbGFzc6INDoACgAOiEBGABIAFgAdccmVsYXRpdmVQYXRoWWFsaWFzRGF0YV8QKi4uL2JpYmxpb2dyYXBoeS9iaWJ0ZXgtcGRmcy9iZWxza3kyMDA0LnBkZtIXCxgZV05TLmRhdGFPEQHcAAAAAAHcAAIAAARBbWFjAAAAAAAAAAAAAAAAAAAAAAAAAAAAAADRx9F1SCsAAAEjes4OYmVsc2t5MjAwNC5wZGYAAAAAAAAAAAAAAAAAAAAAAAAAAAAAAAAAAAAAAAAAAAAAAAAAAAAAAAAAAAAAAAAAA2KgndQ3sCdQREYgAAAAAAABAAMAAAkgAAAAAAAAAAAAAAAAAAAAC2JpYnRleC1wZGZzAAAQAAgAANHHp0UAAAARAAgAANQ3hfcAAAABABgBI3rOAbOBuwGx42sB1h8cAAa62wAGaA0AAgBiQW1hYzpVc2VyczoAQWJ1RGF2aWQ6AE9uZURyaXZlIC0gcG9zdC5iZ3UuYWMuaWw6AHNjaG9vbDoAYmlibGlvZ3JhcGh5OgBiaWJ0ZXgtcGRmczoAYmVsc2t5MjAwNC5wZGYADgAeAA4AYgBlAGwAcwBrAHkAMgAwADAANAAuAHAAZABmAA8ACgAEAEEAbQBhAGMAEgBXVXNlcnMvQWJ1RGF2aWQvT25lRHJpdmUgLSBwb3N0LmJndS5hYy5pbC9zY2hvb2wvYmlibGlvZ3JhcGh5L2JpYnRleC1wZGZzL2JlbHNreTIwMDQucGRmAAATAAEvAAAVAAIAD///AACABtIbHB0eWiRjbGFzc25hbWVYJGNsYXNzZXNdTlNNdXRhYmxlRGF0YaMdHyBWTlNEYXRhWE5TT2JqZWN00hscIiNcTlNEaWN0aW9uYXJ5oiIgXxAPTlNLZXllZEFyY2hpdmVy0SYnVHJvb3SAAQAIABEAGgAjAC0AMgA3AEAARgBNAFUAYABnAGoAbABuAHEAcwB1AHcAhACOALsAwADIAqgCqgKvAroCwwLRAtUC3ALlAuoC9wL6AwwDDwMUAAAAAAAAAgEAAAAAAAAAKAAAAAAAAAAAAAAAAAAAAxY=}}

@techreport{skinner1989,
	Abstract = {The recent appreciation in housing value can have large effects on aggregate saving. This paper uses a simulation model to show that aggregate saving will decline substantially if life cycle homeowners spend down their housing windfalls. Homeowners with a bequest motive, however, may save more to assist their children in buying the now more expensive housing. To test whether families spend their housing capital gains, I use housing, income, and consumption data from the Panel Study of Income Dynamics. While a cross-section time-series regression implies that housing wealth does affect saving, a fixed-effects model finds no effect.},
	Author = {Skinner, Jonathan},
	Date-Added = {2016-10-31 18:17:06 +0000},
	Date-Modified = {2016-10-31 18:17:34 +0000},
	Institution = {National Bureau of Economic Research, Inc},
	Number = {2842},
	Title = {Housing Wealth and Aggregate Saving},
	Type = {NBER Working Papers},
	Url = {http://EconPapers.repec.org/RePEc:nbr:nberwo:2842},
	Year = {1989},
	Bdsk-File-1 = {YnBsaXN0MDDUAQIDBAUGJCVYJHZlcnNpb25YJG9iamVjdHNZJGFyY2hpdmVyVCR0b3ASAAGGoKgHCBMUFRYaIVUkbnVsbNMJCgsMDxJXTlMua2V5c1pOUy5vYmplY3RzViRjbGFzc6INDoACgAOiEBGABIAFgAdccmVsYXRpdmVQYXRoWWFsaWFzRGF0YV8QMi4uL2JpYmxpb2dyYXBoeS9iaWJ0ZXgtcGRmcy9SZVBFY25icm5iZXJ3bzI4NDIucGRm0hcLGBlXTlMuZGF0YU8RAfwAAAAAAfwAAgAABEFtYWMAAAAAAAAAAAAAAAAAAAAAAAAAAAAAANHH0XVIKwAAASN6zhZSZVBFY25icm5iZXJ3bzI4NDIucGRmAAAAAAAAAAAAAAAAAAAAAAAAAAAAAAAAAAAAAAAAAAAAAAAAAAAAAAADYbOU1D1WBQAAAAAAAAAAAAEAAwAACSAAAAAAAAAAAAAAAAAAAAALYmlidGV4LXBkZnMAABAACAAA0cenRQAAABEACAAA1D055QAAAAEAGAEjes4Bs4G7AbHjawHWHxwABrrbAAZoDQACAGpBbWFjOlVzZXJzOgBBYnVEYXZpZDoAT25lRHJpdmUgLSBwb3N0LmJndS5hYy5pbDoAc2Nob29sOgBiaWJsaW9ncmFwaHk6AGJpYnRleC1wZGZzOgBSZVBFY25icm5iZXJ3bzI4NDIucGRmAA4ALgAWAFIAZQBQAEUAYwBuAGIAcgBuAGIAZQByAHcAbwAyADgANAAyAC4AcABkAGYADwAKAAQAQQBtAGEAYwASAF9Vc2Vycy9BYnVEYXZpZC9PbmVEcml2ZSAtIHBvc3QuYmd1LmFjLmlsL3NjaG9vbC9iaWJsaW9ncmFwaHkvYmlidGV4LXBkZnMvUmVQRWNuYnJuYmVyd28yODQyLnBkZgAAEwABLwAAFQACAA///wAAgAbSGxwdHlokY2xhc3NuYW1lWCRjbGFzc2VzXU5TTXV0YWJsZURhdGGjHR8gVk5TRGF0YVhOU09iamVjdNIbHCIjXE5TRGljdGlvbmFyeaIiIF8QD05TS2V5ZWRBcmNoaXZlctEmJ1Ryb290gAEACAARABoAIwAtADIANwBAAEYATQBVAGAAZwBqAGwAbgBxAHMAdQB3AIQAjgDDAMgA0ALQAtIC1wLiAusC+QL9AwQDDQMSAx8DIgM0AzcDPAAAAAAAAAIBAAAAAAAAACgAAAAAAAAAAAAAAAAAAAM+},
	Bdsk-Url-1 = {http://EconPapers.repec.org/RePEc:nbr:nberwo:2842}}

@article{Sheiner1995,
	Abstract = {This paper studies the effects of housing prices on the net worth of young households. Because prospective homeowners must accumulate down payments, a change in housing prices can change their savings patterns. Theoretically, the effect of increases in house prices on savings is ambiguous, because households can increase their saving to afford the larger down payment, or decrease their saving because they have chosen to delay or forego purchasing a house. Using data from the 1984 Panel Study of Income Dynamics [27], I show that empirically, the effect of increased housing prices on saving is positive, and quite large relative to the savings of young households. Young renter households living in cities with high housing prices have more net worth than those living in cities with lowering housing prices, controlling for both the income of the households, as well as the per capita income of the city in which they live.

},
	Author = {Sheiner, Louise},
	Date-Added = {2016-10-31 18:13:57 +0000},
	Date-Modified = {2016-10-31 18:15:16 +0000},
	Doi = {10.1006/juec.1995.1024},
	Issn = {0094-1190},
	Journal = {Journal of Urban Economics},
	Month = {Jul},
	Number = {1},
	Pages = {94--125},
	Publisher = {Elsevier BV},
	Title = {Housing Prices and the Savings of Renters},
	Url = {http://dx.doi.org/10.1006/juec.1995.1024},
	Volume = {38},
	Year = {1995},
	Bdsk-File-1 = {YnBsaXN0MDDUAQIDBAUGJCVYJHZlcnNpb25YJG9iamVjdHNZJGFyY2hpdmVyVCR0b3ASAAGGoKgHCBMUFRYaIVUkbnVsbNMJCgsMDxJXTlMua2V5c1pOUy5vYmplY3RzViRjbGFzc6INDoACgAOiEBGABIAFgAdccmVsYXRpdmVQYXRoWWFsaWFzRGF0YV8QLC4uL2JpYmxpb2dyYXBoeS9iaWJ0ZXgtcGRmcy9TaGVpbmVyXzE5OTUucGRm0hcLGBlXTlMuZGF0YU8RAeQAAAAAAeQAAgAABEFtYWMAAAAAAAAAAAAAAAAAAAAAAAAAAAAAANHH0XVIKwAAASN6zhBTaGVpbmVyXzE5OTUucGRmAAAAAAAAAAAAAAAAAAAAAAAAAAAAAAAAAAAAAAAAAAAAAAAAAAAAAAAAAAAAAAADYbVy1D1WsgAAAAAAAAAAAAEAAwAACSAAAAAAAAAAAAAAAAAAAAALYmlidGV4LXBkZnMAABAACAAA0cenRQAAABEACAAA1D06kgAAAAEAGAEjes4Bs4G7AbHjawHWHxwABrrbAAZoDQACAGRBbWFjOlVzZXJzOgBBYnVEYXZpZDoAT25lRHJpdmUgLSBwb3N0LmJndS5hYy5pbDoAc2Nob29sOgBiaWJsaW9ncmFwaHk6AGJpYnRleC1wZGZzOgBTaGVpbmVyXzE5OTUucGRmAA4AIgAQAFMAaABlAGkAbgBlAHIAXwAxADkAOQA1AC4AcABkAGYADwAKAAQAQQBtAGEAYwASAFlVc2Vycy9BYnVEYXZpZC9PbmVEcml2ZSAtIHBvc3QuYmd1LmFjLmlsL3NjaG9vbC9iaWJsaW9ncmFwaHkvYmlidGV4LXBkZnMvU2hlaW5lcl8xOTk1LnBkZgAAEwABLwAAFQACAA///wAAgAbSGxwdHlokY2xhc3NuYW1lWCRjbGFzc2VzXU5TTXV0YWJsZURhdGGjHR8gVk5TRGF0YVhOU09iamVjdNIbHCIjXE5TRGljdGlvbmFyeaIiIF8QD05TS2V5ZWRBcmNoaXZlctEmJ1Ryb290gAEACAARABoAIwAtADIANwBAAEYATQBVAGAAZwBqAGwAbgBxAHMAdQB3AIQAjgC9AMIAygKyArQCuQLEAs0C2wLfAuYC7wL0AwEDBAMWAxkDHgAAAAAAAAIBAAAAAAAAACgAAAAAAAAAAAAAAAAAAAMg},
	Bdsk-Url-1 = {http://dx.doi.org/10.1006/juec.1995.1024}}

@article{Bhatia1987,
	Author = {Bhatia, Kul B.},
	Date-Added = {2016-10-31 18:10:21 +0000},
	Date-Modified = {2016-10-31 18:10:27 +0000},
	Doi = {10.2307/1885072},
	Issn = {0033-5533},
	Journal = {The Quarterly Journal of Economics},
	Month = {May},
	Number = {2},
	Pages = {437},
	Publisher = {Oxford University Press (OUP)},
	Title = {Real Estate Assets and Consumer Spending},
	Url = {http://dx.doi.org/10.2307/1885072},
	Volume = {102},
	Year = {1987},
	Bdsk-File-1 = {YnBsaXN0MDDUAQIDBAUGJCVYJHZlcnNpb25YJG9iamVjdHNZJGFyY2hpdmVyVCR0b3ASAAGGoKgHCBMUFRYaIVUkbnVsbNMJCgsMDxJXTlMua2V5c1pOUy5vYmplY3RzViRjbGFzc6INDoACgAOiEBGABIAFgAdccmVsYXRpdmVQYXRoWWFsaWFzRGF0YV8QKi4uL2JpYmxpb2dyYXBoeS9iaWJ0ZXgtcGRmcy9CaGF0aWExOTg3LnBkZtIXCxgZV05TLmRhdGFPEQHcAAAAAAHcAAIAAARBbWFjAAAAAAAAAAAAAAAAAAAAAAAAAAAAAADRx9F1SCsAAAEjes4OQmhhdGlhMTk4Ny5wZGYAAAAAAAAAAAAAAAAAAAAAAAAAAAAAAAAAAAAAAAAAAAAAAAAAAAAAAAAAAAAAAAAAA2Gze9QO0LEAAAAAAAAAAAABAAMAAAkgAAAAAAAAAAAAAAAAAAAAC2JpYnRleC1wZGZzAAAQAAgAANHHp0UAAAARAAgAANQOpoEAAAABABgBI3rOAbOBuwGx42sB1h8cAAa62wAGaA0AAgBiQW1hYzpVc2VyczoAQWJ1RGF2aWQ6AE9uZURyaXZlIC0gcG9zdC5iZ3UuYWMuaWw6AHNjaG9vbDoAYmlibGlvZ3JhcGh5OgBiaWJ0ZXgtcGRmczoAQmhhdGlhMTk4Ny5wZGYADgAeAA4AQgBoAGEAdABpAGEAMQA5ADgANwAuAHAAZABmAA8ACgAEAEEAbQBhAGMAEgBXVXNlcnMvQWJ1RGF2aWQvT25lRHJpdmUgLSBwb3N0LmJndS5hYy5pbC9zY2hvb2wvYmlibGlvZ3JhcGh5L2JpYnRleC1wZGZzL0JoYXRpYTE5ODcucGRmAAATAAEvAAAVAAIAD///AACABtIbHB0eWiRjbGFzc25hbWVYJGNsYXNzZXNdTlNNdXRhYmxlRGF0YaMdHyBWTlNEYXRhWE5TT2JqZWN00hscIiNcTlNEaWN0aW9uYXJ5oiIgXxAPTlNLZXllZEFyY2hpdmVy0SYnVHJvb3SAAQAIABEAGgAjAC0AMgA3AEAARgBNAFUAYABnAGoAbABuAHEAcwB1AHcAhACOALsAwADIAqgCqgKvAroCwwLRAtUC3ALlAuoC9wL6AwwDDwMUAAAAAAAAAgEAAAAAAAAAKAAAAAAAAAAAAAAAAAAAAxY=},
	Bdsk-Url-1 = {http://dx.doi.org/10.2307/1885072}}

@article{Bajari2005,
	Abstract = {We develop a new approach to measuring changes in consumer welfare due to changes in the price of owner-occupied housing. In our approach, an agent's welfare adjustment is defined as the transfer required to keep expected discounted utility constant given a change in current house prices. We demonstrate that, up to a first-order approximation, there is no aggregate change in welfare due to price increases in the existing housing stock. This follows from a simple market clearing condition where capital gains experienced by sellers are exactly offset by welfare losses to buyers. We show that this result holds (approximately) even in a model that accounts for changes in consumption and investment plans prompted by current house price changes. There can, however, be changes in welfare due to additions to the stock of housing, or to changes in the price of renovating and upgrading the existing stock of housing. For the United States, we estimate the welfare cost of house price appreciation to be an average of $127 per household per year over the 1984--1998 period.},
	Author = {Bajari, Patrick and Benkard, C. Lanier and Krainer, John},
	Date-Added = {2016-10-31 18:08:03 +0000},
	Date-Modified = {2016-10-31 18:08:32 +0000},
	Doi = {10.1016/j.jue.2005.08.008},
	Issn = {0094-1190},
	Journal = {Journal of Urban Economics},
	Month = {Nov},
	Number = {3},
	Pages = {474--487},
	Publisher = {Elsevier BV},
	Title = {House prices and consumer welfare},
	Url = {http://dx.doi.org/10.1016/j.jue.2005.08.008},
	Volume = {58},
	Year = {2005},
	Bdsk-File-1 = {YnBsaXN0MDDUAQIDBAUGJCVYJHZlcnNpb25YJG9iamVjdHNZJGFyY2hpdmVyVCR0b3ASAAGGoKgHCBMUFRYaIVUkbnVsbNMJCgsMDxJXTlMua2V5c1pOUy5vYmplY3RzViRjbGFzc6INDoACgAOiEBGABIAFgAdccmVsYXRpdmVQYXRoWWFsaWFzRGF0YV8QKy4uL2JpYmxpb2dyYXBoeS9iaWJ0ZXgtcGRmcy9CYWphcmlfMjAwNS5wZGbSFwsYGVdOUy5kYXRhTxEB4AAAAAAB4AACAAAEQW1hYwAAAAAAAAAAAAAAAAAAAAAAAAAAAAAA0cfRdUgrAAABI3rOD0JhamFyaV8yMDA1LnBkZgAAAAAAAAAAAAAAAAAAAAAAAAAAAAAAAAAAAAAAAAAAAAAAAAAAAAAAAAAAAAAAAANigJrUPVULUERGIAAAAAAAAQADAAAJIAAAAAAAAAAAAAAAAAAAAAtiaWJ0ZXgtcGRmcwAAEAAIAADRx6dFAAAAEQAIAADUPTjrAAAAAQAYASN6zgGzgbsBseNrAdYfHAAGutsABmgNAAIAY0FtYWM6VXNlcnM6AEFidURhdmlkOgBPbmVEcml2ZSAtIHBvc3QuYmd1LmFjLmlsOgBzY2hvb2w6AGJpYmxpb2dyYXBoeToAYmlidGV4LXBkZnM6AEJhamFyaV8yMDA1LnBkZgAADgAgAA8AQgBhAGoAYQByAGkAXwAyADAAMAA1AC4AcABkAGYADwAKAAQAQQBtAGEAYwASAFhVc2Vycy9BYnVEYXZpZC9PbmVEcml2ZSAtIHBvc3QuYmd1LmFjLmlsL3NjaG9vbC9iaWJsaW9ncmFwaHkvYmlidGV4LXBkZnMvQmFqYXJpXzIwMDUucGRmABMAAS8AABUAAgAP//8AAIAG0hscHR5aJGNsYXNzbmFtZVgkY2xhc3Nlc11OU011dGFibGVEYXRhox0fIFZOU0RhdGFYTlNPYmplY3TSGxwiI1xOU0RpY3Rpb25hcnmiIiBfEA9OU0tleWVkQXJjaGl2ZXLRJidUcm9vdIABAAgAEQAaACMALQAyADcAQABGAE0AVQBgAGcAagBsAG4AcQBzAHUAdwCEAI4AvADBAMkCrQKvArQCvwLIAtYC2gLhAuoC7wL8Av8DEQMUAxkAAAAAAAACAQAAAAAAAAAoAAAAAAAAAAAAAAAAAAADGw==},
	Bdsk-Url-1 = {http://dx.doi.org/10.1016/j.jue.2005.08.008}}

@article{Campbell_2007,
	Author = {Campbell, John Y. and Cocco, Jo{\~a}o F.},
	Date-Added = {2016-10-31 18:07:11 +0000},
	Date-Modified = {2016-10-31 18:07:11 +0000},
	Doi = {10.1016/j.jmoneco.2005.10.016},
	Issn = {0304-3932},
	Journal = {Journal of Monetary Economics},
	Month = {Apr},
	Number = {3},
	Pages = {591--621},
	Publisher = {Elsevier BV},
	Title = {How do house prices affect consumption? Evidence from micro data},
	Url = {http://dx.doi.org/10.1016/j.jmoneco.2005.10.016},
	Volume = {54},
	Year = {2007},
	Bdsk-File-1 = {YnBsaXN0MDDUAQIDBAUGJCVYJHZlcnNpb25YJG9iamVjdHNZJGFyY2hpdmVyVCR0b3ASAAGGoKgHCBMUFRYaIVUkbnVsbNMJCgsMDxJXTlMua2V5c1pOUy5vYmplY3RzViRjbGFzc6INDoACgAOiEBGABIAFgAdccmVsYXRpdmVQYXRoWWFsaWFzRGF0YV8QLS4uL2JpYmxpb2dyYXBoeS9iaWJ0ZXgtcGRmcy9DYW1wYmVsbF8yMDA3LnBkZtIXCxgZV05TLmRhdGFPEQHoAAAAAAHoAAIAAARBbWFjAAAAAAAAAAAAAAAAAAAAAAAAAAAAAADRx9F1SCsAAAEjes4RQ2FtcGJlbGxfMjAwNy5wZGYAAAAAAAAAAAAAAAAAAAAAAAAAAAAAAAAAAAAAAAAAAAAAAAAAAAAAAAAAAAAAA2KbuNQ9VOAAAAAAAAAAAAABAAMAAAkgAAAAAAAAAAAAAAAAAAAAC2JpYnRleC1wZGZzAAAQAAgAANHHp0UAAAARAAgAANQ9OMAAAAABABgBI3rOAbOBuwGx42sB1h8cAAa62wAGaA0AAgBlQW1hYzpVc2VyczoAQWJ1RGF2aWQ6AE9uZURyaXZlIC0gcG9zdC5iZ3UuYWMuaWw6AHNjaG9vbDoAYmlibGlvZ3JhcGh5OgBiaWJ0ZXgtcGRmczoAQ2FtcGJlbGxfMjAwNy5wZGYAAA4AJAARAEMAYQBtAHAAYgBlAGwAbABfADIAMAAwADcALgBwAGQAZgAPAAoABABBAG0AYQBjABIAWlVzZXJzL0FidURhdmlkL09uZURyaXZlIC0gcG9zdC5iZ3UuYWMuaWwvc2Nob29sL2JpYmxpb2dyYXBoeS9iaWJ0ZXgtcGRmcy9DYW1wYmVsbF8yMDA3LnBkZgATAAEvAAAVAAIAD///AACABtIbHB0eWiRjbGFzc25hbWVYJGNsYXNzZXNdTlNNdXRhYmxlRGF0YaMdHyBWTlNEYXRhWE5TT2JqZWN00hscIiNcTlNEaWN0aW9uYXJ5oiIgXxAPTlNLZXllZEFyY2hpdmVy0SYnVHJvb3SAAQAIABEAGgAjAC0AMgA3AEAARgBNAFUAYABnAGoAbABuAHEAcwB1AHcAhACOAL4AwwDLArcCuQK+AskC0gLgAuQC6wL0AvkDBgMJAxsDHgMjAAAAAAAAAgEAAAAAAAAAKAAAAAAAAAAAAAAAAAAAAyU=},
	Bdsk-Url-1 = {http://dx.doi.org/10.1016/j.jmoneco.2005.10.016}}

@article{engelhardt1996,
	Abstract = {This paper examines the empirical link between house price appreciation and the savings behavior of home owners during the 1980s. The analysis uses household asset and debt data for a sample of under age 65 home-owning households from the 1984 and 1989 waves of the PSID to construct changes in real household wealth as a measure of household saving behavior. Cross-time and cross-regional variation in housing market conditions are used to identify behavioral savings effects. The empirical analysis suggests that the estimated marginal propensity to consume out of real housing capital gains is 0.03 for the median saver household. However, there is an asymmetry in the saving response to both total and unanticipated real housing capital gains. All the savings offset comes from households that experience real housing capital losses. Households that experience real gains do not change their saving behavior. The existence of this asymmetry casts doubt on the power of changes in house prices to explain the time-series path of saving in the United States.},
	Author = {Engelhardt, Gary V.},
	Date-Added = {2016-10-31 18:03:40 +0000},
	Date-Modified = {2016-10-31 18:04:48 +0000},
	Journal = {Regional Science and Urban Economics},
	Keywords = {D91; E21; R31},
	Number = {3-4},
	Pages = {313-336},
	Title = {House prices and home owner saving behavior},
	Url = {http://EconPapers.repec.org/RePEc:eee:regeco:v:26:y:1996:i:3-4:p:313-336},
	Volume = {26},
	Year = {1996},
	Bdsk-File-1 = {YnBsaXN0MDDUAQIDBAUGJCVYJHZlcnNpb25YJG9iamVjdHNZJGFyY2hpdmVyVCR0b3ASAAGGoKgHCBMUFRYaIVUkbnVsbNMJCgsMDxJXTlMua2V5c1pOUy5vYmplY3RzViRjbGFzc6INDoACgAOiEBGABIAFgAdccmVsYXRpdmVQYXRoWWFsaWFzRGF0YV8QLi4uL2JpYmxpb2dyYXBoeS9iaWJ0ZXgtcGRmcy9lbmdlbGhhcmR0MTk5Ni5wZGbSFwsYGVdOUy5kYXRhTxEB7AAAAAAB7AACAAAEQW1hYwAAAAAAAAAAAAAAAAAAAAAAAAAAAAAA0cfRdUgrAAABI3rOEmVuZ2VsaGFyZHQxOTk2LnBkZgAAAAAAAAAAAAAAAAAAAAAAAAAAAAAAAAAAAAAAAAAAAAAAAAAAAAAAAAAAAANiem/UPVSoUERGIAAAAAAAAQADAAAJIAAAAAAAAAAAAAAAAAAAAAtiaWJ0ZXgtcGRmcwAAEAAIAADRx6dFAAAAEQAIAADUPTiIAAAAAQAYASN6zgGzgbsBseNrAdYfHAAGutsABmgNAAIAZkFtYWM6VXNlcnM6AEFidURhdmlkOgBPbmVEcml2ZSAtIHBvc3QuYmd1LmFjLmlsOgBzY2hvb2w6AGJpYmxpb2dyYXBoeToAYmlidGV4LXBkZnM6AGVuZ2VsaGFyZHQxOTk2LnBkZgAOACYAEgBlAG4AZwBlAGwAaABhAHIAZAB0ADEAOQA5ADYALgBwAGQAZgAPAAoABABBAG0AYQBjABIAW1VzZXJzL0FidURhdmlkL09uZURyaXZlIC0gcG9zdC5iZ3UuYWMuaWwvc2Nob29sL2JpYmxpb2dyYXBoeS9iaWJ0ZXgtcGRmcy9lbmdlbGhhcmR0MTk5Ni5wZGYAABMAAS8AABUAAgAP//8AAIAG0hscHR5aJGNsYXNzbmFtZVgkY2xhc3Nlc11OU011dGFibGVEYXRhox0fIFZOU0RhdGFYTlNPYmplY3TSGxwiI1xOU0RpY3Rpb25hcnmiIiBfEA9OU0tleWVkQXJjaGl2ZXLRJidUcm9vdIABAAgAEQAaACMALQAyADcAQABGAE0AVQBgAGcAagBsAG4AcQBzAHUAdwCEAI4AvwDEAMwCvAK+AsMCzgLXAuUC6QLwAvkC/gMLAw4DIAMjAygAAAAAAAACAQAAAAAAAAAoAAAAAAAAAAAAAAAAAAADKg==},
	Bdsk-Url-1 = {http://EconPapers.repec.org/RePEc:eee:regeco:v:26:y:1996:i:3-4:p:313-336}}

@article{Gourinchas2002,
	Abstract = { This paper estimates a structural model of optimal life-cycle consumption expenditures in the presence of realistic labor income uncertainty. We employ synthetic cohort techniques and Consumer Expenditure Survey data to construct average age-profiles of consumption and income over the working lives of typical households across different education and occupation groups. The model fits the profiles quite well. In addition to providing reasonable estimates of the discount rate and risk aversion, we find that consumer behavior changes strikingly over the life cycle. Young consumers behave as buffer-stock agents. Around age 40, the typical household starts accumulating liquid assets for retirement and its behavior mimics more closely that of a certainty equivalent consumer. Our methodology provides a natural decomposition of saving and wealth into its precautionary and life-cycle components. Copyright The Econometric Society 2002.},
	Author = {Gourinchas, Pierre-Olivier and Parker, Jonathan},
	Date-Added = {2016-10-31 18:01:14 +0000},
	Date-Modified = {2016-10-31 18:03:40 +0000},
	Journal = {Econometrica},
	Number = {1},
	Pages = {47-89},
	Title = {Consumption Over the Life Cycle},
	Url = {http://EconPapers.repec.org/RePEc:ecm:emetrp:v:70:y:2002:i:1:p:47-89},
	Volume = {70},
	Year = {2002},
	Bdsk-File-1 = {YnBsaXN0MDDUAQIDBAUGJCVYJHZlcnNpb25YJG9iamVjdHNZJGFyY2hpdmVyVCR0b3ASAAGGoKgHCBMUFRYaIVUkbnVsbNMJCgsMDxJXTlMua2V5c1pOUy5vYmplY3RzViRjbGFzc6INDoACgAOiEBGABIAFgAdccmVsYXRpdmVQYXRoWWFsaWFzRGF0YV8QLmJpYnRleC1wZGZzL1JlUEVjZWNtZW1ldHJwdjcweTIwMDJpMXA0Ny04OS5wZGbSFwsYGVdOUy5kYXRhTxECKgAAAAACKgACAAAEQW1hYwAAAAAAAAAAAAAAAAAAAAAAAAAAAAAA0cfRdUgrAAABI3rOH1JlUEVjZWNtZW1ldHJwdjcweTIjMzYxQUZBQy5wZGYAAAAAAAAAAAAAAAAAAAAAAAAAAAAAAAAAAAAAAAAAAANhr6zUPVNXAAAAAAAAAAAAAQADAAAJIAAAAAAAAAAAAAAAAAAAAAtiaWJ0ZXgtcGRmcwAAEAAIAADRx6dFAAAAEQAIAADUPTc3AAAAAQAYASN6zgGzgbsBseNrAdYfHAAGutsABmgNAAIAc0FtYWM6VXNlcnM6AEFidURhdmlkOgBPbmVEcml2ZSAtIHBvc3QuYmd1LmFjLmlsOgBzY2hvb2w6AGJpYmxpb2dyYXBoeToAYmlidGV4LXBkZnM6AFJlUEVjZWNtZW1ldHJwdjcweTIjMzYxQUZBQy5wZGYAAA4ARgAiAFIAZQBQAEUAYwBlAGMAbQBlAG0AZQB0AHIAcAB2ADcAMAB5ADIAMAAwADIAaQAxAHAANAA3AC0AOAA5AC4AcABkAGYADwAKAAQAQQBtAGEAYwASAGtVc2Vycy9BYnVEYXZpZC9PbmVEcml2ZSAtIHBvc3QuYmd1LmFjLmlsL3NjaG9vbC9iaWJsaW9ncmFwaHkvYmlidGV4LXBkZnMvUmVQRWNlY21lbWV0cnB2NzB5MjAwMmkxcDQ3LTg5LnBkZgAAEwABLwAAFQACAA///wAAgAbSGxwdHlokY2xhc3NuYW1lWCRjbGFzc2VzXU5TTXV0YWJsZURhdGGjHR8gVk5TRGF0YVhOU09iamVjdNIbHCIjXE5TRGljdGlvbmFyeaIiIF8QD05TS2V5ZWRBcmNoaXZlctEmJ1Ryb290gAEACAARABoAIwAtADIANwBAAEYATQBVAGAAZwBqAGwAbgBxAHMAdQB3AIQAjgC/AMQAzAL6AvwDAQMMAxUDIwMnAy4DNwM8A0kDTANeA2EDZgAAAAAAAAIBAAAAAAAAACgAAAAAAAAAAAAAAAAAAANo},
	Bdsk-Url-1 = {http://EconPapers.repec.org/RePEc:ecm:emetrp:v:70:y:2002:i:1:p:47-89}}

@article{Carroll2001,
	Author = {Christopher D. Carroll},
	Date-Added = {2016-10-31 17:54:40 +0000},
	Date-Modified = {2016-10-31 17:54:52 +0000},
	Issn = {08953309},
	Journal = {The Journal of Economic Perspectives},
	Number = {3},
	Pages = {23-45},
	Publisher = {American Economic Association},
	Title = {A Theory of the Consumption Function, with and without Liquidity Constraints},
	Url = {http://www.jstor.org/stable/2696555},
	Volume = {15},
	Year = {2001},
	Bdsk-File-1 = {YnBsaXN0MDDUAQIDBAUGJCVYJHZlcnNpb25YJG9iamVjdHNZJGFyY2hpdmVyVCR0b3ASAAGGoKgHCBMUFRYaIVUkbnVsbNMJCgsMDxJXTlMua2V5c1pOUy5vYmplY3RzViRjbGFzc6INDoACgAOiEBGABIAFgAdccmVsYXRpdmVQYXRoWWFsaWFzRGF0YV8QKy4uL2JpYmxpb2dyYXBoeS9iaWJ0ZXgtcGRmcy9DYXJyb2xsMjAwMS5wZGbSFwsYGVdOUy5kYXRhTxEB4AAAAAAB4AACAAAEQW1hYwAAAAAAAAAAAAAAAAAAAAAAAAAAAAAA0cfRdUgrAAABI3rOD0NhcnJvbGwyMDAxLnBkZgAAAAAAAAAAAAAAAAAAAAAAAAAAAAAAAAAAAAAAAAAAAAAAAAAAAAAAAAAAAAAAAANhrx/UDsuxUERGIAAAAAAAAQADAAAJIAAAAAAAAAAAAAAAAAAAAAtiaWJ0ZXgtcGRmcwAAEAAIAADRx6dFAAAAEQAIAADUDqGBAAAAAQAYASN6zgGzgbsBseNrAdYfHAAGutsABmgNAAIAY0FtYWM6VXNlcnM6AEFidURhdmlkOgBPbmVEcml2ZSAtIHBvc3QuYmd1LmFjLmlsOgBzY2hvb2w6AGJpYmxpb2dyYXBoeToAYmlidGV4LXBkZnM6AENhcnJvbGwyMDAxLnBkZgAADgAgAA8AQwBhAHIAcgBvAGwAbAAyADAAMAAxAC4AcABkAGYADwAKAAQAQQBtAGEAYwASAFhVc2Vycy9BYnVEYXZpZC9PbmVEcml2ZSAtIHBvc3QuYmd1LmFjLmlsL3NjaG9vbC9iaWJsaW9ncmFwaHkvYmlidGV4LXBkZnMvQ2Fycm9sbDIwMDEucGRmABMAAS8AABUAAgAP//8AAIAG0hscHR5aJGNsYXNzbmFtZVgkY2xhc3Nlc11OU011dGFibGVEYXRhox0fIFZOU0RhdGFYTlNPYmplY3TSGxwiI1xOU0RpY3Rpb25hcnmiIiBfEA9OU0tleWVkQXJjaGl2ZXLRJidUcm9vdIABAAgAEQAaACMALQAyADcAQABGAE0AVQBgAGcAagBsAG4AcQBzAHUAdwCEAI4AvADBAMkCrQKvArQCvwLIAtYC2gLhAuoC7wL8Av8DEQMUAxkAAAAAAAACAQAAAAAAAAAoAAAAAAAAAAAAAAAAAAADGw==},
	Bdsk-File-2 = {YnBsaXN0MDDUAQIDBAUGJCVYJHZlcnNpb25YJG9iamVjdHNZJGFyY2hpdmVyVCR0b3ASAAGGoKgHCBMUFRYaIVUkbnVsbNMJCgsMDxJXTlMua2V5c1pOUy5vYmplY3RzViRjbGFzc6INDoACgAOiEBGABIAFgAdccmVsYXRpdmVQYXRoWWFsaWFzRGF0YV8QLC4uL2JpYmxpb2dyYXBoeS9iaWJ0ZXgtcGRmcy9DYXJyb2xsMjAwMWEucGRm0hcLGBlXTlMuZGF0YU8RAeQAAAAAAeQAAgAABEFtYWMAAAAAAAAAAAAAAAAAAAAAAAAAAAAAANHH0XVIKwAAASN6zhBDYXJyb2xsMjAwMWEucGRmAAAAAAAAAAAAAAAAAAAAAAAAAAAAAAAAAAAAAAAAAAAAAAAAAAAAAAAAAAAAAAADYa8D1D1SPQAAAAAAAAAAAAEAAwAACSAAAAAAAAAAAAAAAAAAAAALYmlidGV4LXBkZnMAABAACAAA0cenRQAAABEACAAA1D02HQAAAAEAGAEjes4Bs4G7AbHjawHWHxwABrrbAAZoDQACAGRBbWFjOlVzZXJzOgBBYnVEYXZpZDoAT25lRHJpdmUgLSBwb3N0LmJndS5hYy5pbDoAc2Nob29sOgBiaWJsaW9ncmFwaHk6AGJpYnRleC1wZGZzOgBDYXJyb2xsMjAwMWEucGRmAA4AIgAQAEMAYQByAHIAbwBsAGwAMgAwADAAMQBhAC4AcABkAGYADwAKAAQAQQBtAGEAYwASAFlVc2Vycy9BYnVEYXZpZC9PbmVEcml2ZSAtIHBvc3QuYmd1LmFjLmlsL3NjaG9vbC9iaWJsaW9ncmFwaHkvYmlidGV4LXBkZnMvQ2Fycm9sbDIwMDFhLnBkZgAAEwABLwAAFQACAA///wAAgAbSGxwdHlokY2xhc3NuYW1lWCRjbGFzc2VzXU5TTXV0YWJsZURhdGGjHR8gVk5TRGF0YVhOU09iamVjdNIbHCIjXE5TRGljdGlvbmFyeaIiIF8QD05TS2V5ZWRBcmNoaXZlctEmJ1Ryb290gAEACAARABoAIwAtADIANwBAAEYATQBVAGAAZwBqAGwAbgBxAHMAdQB3AIQAjgC9AMIAygKyArQCuQLEAs0C2wLfAuYC7wL0AwEDBAMWAxkDHgAAAAAAAAIBAAAAAAAAACgAAAAAAAAAAAAAAAAAAAMg},
	Bdsk-Url-1 = {http://www.jstor.org/stable/2696555}}

@article{Iacoviello2004,
	Author = {Iacoviello, Matteo},
	Date-Added = {2016-10-31 17:44:41 +0000},
	Date-Modified = {2016-10-31 17:45:06 +0000},
	Doi = {10.1016/j.jhe.2004.09.004},
	Issn = {1051-1377},
	Journal = {Journal of Housing Economics},
	Month = {Dec},
	Number = {4},
	Pages = {304--320},
	Publisher = {Elsevier BV},
	Title = {Consumption, house prices, and collateral constraints: a structural econometric analysis},
	Url = {http://dx.doi.org/10.1016/j.jhe.2004.09.004},
	Volume = {13},
	Year = {2004},
	Bdsk-File-1 = {YnBsaXN0MDDUAQIDBAUGJCVYJHZlcnNpb25YJG9iamVjdHNZJGFyY2hpdmVyVCR0b3ASAAGGoKgHCBMUFRYaIVUkbnVsbNMJCgsMDxJXTlMua2V5c1pOUy5vYmplY3RzViRjbGFzc6INDoACgAOiEBGABIAFgAdccmVsYXRpdmVQYXRoWWFsaWFzRGF0YV8QLi4uL2JpYmxpb2dyYXBoeS9iaWJ0ZXgtcGRmcy9JYWNvdmllbGxvMjAwNC5wZGbSFwsYGVdOUy5kYXRhTxEB7AAAAAAB7AACAAAEQW1hYwAAAAAAAAAAAAAAAAAAAAAAAAAAAAAA0cfRdUgrAAABI3rOEklhY292aWVsbG8yMDA0LnBkZgAAAAAAAAAAAAAAAAAAAAAAAAAAAAAAAAAAAAAAAAAAAAAAAAAAAAAAAAAAAANhqE3UPU+7AAAAAAAAAAAAAQADAAAJIAAAAAAAAAAAAAAAAAAAAAtiaWJ0ZXgtcGRmcwAAEAAIAADRx6dFAAAAEQAIAADUPTObAAAAAQAYASN6zgGzgbsBseNrAdYfHAAGutsABmgNAAIAZkFtYWM6VXNlcnM6AEFidURhdmlkOgBPbmVEcml2ZSAtIHBvc3QuYmd1LmFjLmlsOgBzY2hvb2w6AGJpYmxpb2dyYXBoeToAYmlidGV4LXBkZnM6AElhY292aWVsbG8yMDA0LnBkZgAOACYAEgBJAGEAYwBvAHYAaQBlAGwAbABvADIAMAAwADQALgBwAGQAZgAPAAoABABBAG0AYQBjABIAW1VzZXJzL0FidURhdmlkL09uZURyaXZlIC0gcG9zdC5iZ3UuYWMuaWwvc2Nob29sL2JpYmxpb2dyYXBoeS9iaWJ0ZXgtcGRmcy9JYWNvdmllbGxvMjAwNC5wZGYAABMAAS8AABUAAgAP//8AAIAG0hscHR5aJGNsYXNzbmFtZVgkY2xhc3Nlc11OU011dGFibGVEYXRhox0fIFZOU0RhdGFYTlNPYmplY3TSGxwiI1xOU0RpY3Rpb25hcnmiIiBfEA9OU0tleWVkQXJjaGl2ZXLRJidUcm9vdIABAAgAEQAaACMALQAyADcAQABGAE0AVQBgAGcAagBsAG4AcQBzAHUAdwCEAI4AvwDEAMwCvAK+AsMCzgLXAuUC6QLwAvkC/gMLAw4DIAMjAygAAAAAAAACAQAAAAAAAAAoAAAAAAAAAAAAAAAAAAADKg==},
	Bdsk-Url-1 = {http://dx.doi.org/10.1016/j.jhe.2004.09.004}}

@techreport{Iacoviello2011,
	Abstract = {
Housing wealth is about one half of household net worth, and consumption is a considerable frac- tion (about two thirds) of Gross Domestic Product in the United States. Empirically, movements in housing wealth are associated with movements in consumption in the same direction. This observa- tion has led many economists, commentators and policy makers to study how housing wealth and consumption are linked together. A sizeable portion of the comovement between housing wealth and consumption re{\'a}ects common factors driving both variables, rather than the {\`\i}wealth e{\S}ect{\^\i}of the former on the latter; however, a growing body of evidence suggests that the comovement is larger in developed {\"O}nancial markets and in the presence of liquidity constraints.
Keywords: Borrowing Constraints, Consumption, Consumption Function, Household Budget Constraint, Housing Wealth, Housing Wealth E{\S}ect.
JEL Classifications: C2, E2, G1, R2.},
	Author = {Matteo Iacoviello},
	Date-Added = {2016-10-31 17:40:53 +0000},
	Date-Modified = {2016-10-31 17:42:27 +0000},
	Institution = {Board of Govenors of the Federal Reserve System},
	Keywords = {Borrowing Constraints, Consumption, Consumption Function, Household Budget Constraint, Housing Wealth, Housing Wealth Effect},
	Month = {August},
	Number = {1027},
	Title = {Housing Wealth and Consumption},
	Type = {International Finance Discussion Papers},
	Year = {2011},
	Bdsk-File-1 = {YnBsaXN0MDDUAQIDBAUGJCVYJHZlcnNpb25YJG9iamVjdHNZJGFyY2hpdmVyVCR0b3ASAAGGoKgHCBMUFRYaIVUkbnVsbNMJCgsMDxJXTlMua2V5c1pOUy5vYmplY3RzViRjbGFzc6INDoACgAOiEBGABIAFgAdccmVsYXRpdmVQYXRoWWFsaWFzRGF0YV8QLi4uL2JpYmxpb2dyYXBoeS9iaWJ0ZXgtcGRmcy9JYWNvdmllbGxvMjAxMS5wZGbSFwsYGVdOUy5kYXRhTxEB7AAAAAAB7AACAAAEQW1hYwAAAAAAAAAAAAAAAAAAAAAAAAAAAAAA0cfRdUgrAAABI3rOEklhY292aWVsbG8yMDExLnBkZgAAAAAAAAAAAAAAAAAAAAAAAAAAAAAAAAAAAAAAAAAAAAAAAAAAAAAAAAAAAANieQzUDtENUERGIAAAAAAAAQADAAAJIAAAAAAAAAAAAAAAAAAAAAtiaWJ0ZXgtcGRmcwAAEAAIAADRx6dFAAAAEQAIAADUDqbdAAAAAQAYASN6zgGzgbsBseNrAdYfHAAGutsABmgNAAIAZkFtYWM6VXNlcnM6AEFidURhdmlkOgBPbmVEcml2ZSAtIHBvc3QuYmd1LmFjLmlsOgBzY2hvb2w6AGJpYmxpb2dyYXBoeToAYmlidGV4LXBkZnM6AElhY292aWVsbG8yMDExLnBkZgAOACYAEgBJAGEAYwBvAHYAaQBlAGwAbABvADIAMAAxADEALgBwAGQAZgAPAAoABABBAG0AYQBjABIAW1VzZXJzL0FidURhdmlkL09uZURyaXZlIC0gcG9zdC5iZ3UuYWMuaWwvc2Nob29sL2JpYmxpb2dyYXBoeS9iaWJ0ZXgtcGRmcy9JYWNvdmllbGxvMjAxMS5wZGYAABMAAS8AABUAAgAP//8AAIAG0hscHR5aJGNsYXNzbmFtZVgkY2xhc3Nlc11OU011dGFibGVEYXRhox0fIFZOU0RhdGFYTlNPYmplY3TSGxwiI1xOU0RpY3Rpb25hcnmiIiBfEA9OU0tleWVkQXJjaGl2ZXLRJidUcm9vdIABAAgAEQAaACMALQAyADcAQABGAE0AVQBgAGcAagBsAG4AcQBzAHUAdwCEAI4AvwDEAMwCvAK+AsMCzgLXAuUC6QLwAvkC/gMLAw4DIAMjAygAAAAAAAACAQAAAAAAAAAoAAAAAAAAAAAAAAAAAAADKg==}}

@article{Yoshikawa1989,
	Author = {Hiroshi Yoshikawa; Fumio Ohtake},
	Date-Added = {2016-10-31 12:28:03 +0000},
	Date-Modified = {2016-10-31 13:09:37 +0000},
	Journal = {European Economic Review},
	Pages = {997-1030},
	Title = {An Analysis of Female Labor Supply, Housing Demand, and the Saving Rate in Japan},
	Volume = {33},
	Year = {1989},
	Bdsk-File-1 = {YnBsaXN0MDDUAQIDBAUGJCVYJHZlcnNpb25YJG9iamVjdHNZJGFyY2hpdmVyVCR0b3ASAAGGoKgHCBMUFRYaIVUkbnVsbNMJCgsMDxJXTlMua2V5c1pOUy5vYmplY3RzViRjbGFzc6INDoACgAOiEBGABIAFgAdccmVsYXRpdmVQYXRoWWFsaWFzRGF0YV8QLS4uL2JpYmxpb2dyYXBoeS9iaWJ0ZXgtcGRmcy9Zb3NoaWthd2ExOTg5LnBkZtIXCxgZV05TLmRhdGFPEQHoAAAAAAHoAAIAAARBbWFjAAAAAAAAAAAAAAAAAAAAAAAAAAAAAADRx9F1SCsAAAEjes4RWW9zaGlrYXdhMTk4OS5wZGYAAAAAAAAAAAAAAAAAAAAAAAAAAAAAAAAAAAAAAAAAAAAAAAAAAAAAAAAAAAAAA2J0rdQ+dEEAAAAAAAAAAAABAAMAAAkgAAAAAAAAAAAAAAAAAAAAC2JpYnRleC1wZGZzAAAQAAgAANHHp0UAAAARAAgAANQ+WCEAAAABABgBI3rOAbOBuwGx42sB1h8cAAa62wAGaA0AAgBlQW1hYzpVc2VyczoAQWJ1RGF2aWQ6AE9uZURyaXZlIC0gcG9zdC5iZ3UuYWMuaWw6AHNjaG9vbDoAYmlibGlvZ3JhcGh5OgBiaWJ0ZXgtcGRmczoAWW9zaGlrYXdhMTk4OS5wZGYAAA4AJAARAFkAbwBzAGgAaQBrAGEAdwBhADEAOQA4ADkALgBwAGQAZgAPAAoABABBAG0AYQBjABIAWlVzZXJzL0FidURhdmlkL09uZURyaXZlIC0gcG9zdC5iZ3UuYWMuaWwvc2Nob29sL2JpYmxpb2dyYXBoeS9iaWJ0ZXgtcGRmcy9Zb3NoaWthd2ExOTg5LnBkZgATAAEvAAAVAAIAD///AACABtIbHB0eWiRjbGFzc25hbWVYJGNsYXNzZXNdTlNNdXRhYmxlRGF0YaMdHyBWTlNEYXRhWE5TT2JqZWN00hscIiNcTlNEaWN0aW9uYXJ5oiIgXxAPTlNLZXllZEFyY2hpdmVy0SYnVHJvb3SAAQAIABEAGgAjAC0AMgA3AEAARgBNAFUAYABnAGoAbABuAHEAcwB1AHcAhACOAL4AwwDLArcCuQK+AskC0gLgAuQC6wL0AvkDBgMJAxsDHgMjAAAAAAAAAgEAAAAAAAAAKAAAAAAAAAAAAAAAAAAAAyU=}}

@techreport{Dynan2001,
	Author = {Karen E. Dynan; Dean M. Maki},
	Date-Added = {2016-10-31 12:08:17 +0000},
	Date-Modified = {2016-10-31 12:09:33 +0000},
	Institution = {Board of Govenors of the Federal Reserve System},
	Number = {2001-23},
	Title = {Does Stock Market Wealth Matter for Consumption?},
	Type = {FEDS Discussion Paper},
	Year = {2001}}

@techreport{rba2013,
	Abstract = {
This paper explores the positive relationship between home prices and household spending by following a panel of Australian households over the period 2003 to 2010. There are three hypotheses put forth in the literature to explain this relationship: (1) increases in home prices raise spending via a `traditional wealth effect'; (2) increases in home prices raise spending by easing credit constraints; and (3) home prices and spending are influenced by a common `third factor' such as something that affects expectations regarding future income. Identifying differences in behaviour across households of different ages helps to distinguish among these hypotheses. Younger homeowners exhibit the largest home-price wealth effects, with a 3 to 4 cent increase in spending per dollar increase in home price. As young homeowners are more likely to be credit constrained, their relatively large marginal propensity to spend supports hypothesis (2) as an important determinant of the co-movement between home prices and household spending. Further, the non-response of young renters to changes in home prices argues against hypothesis (3).
},
	Author = {Callan Windsor; Jarkko J{\"a}{\"a}skel{\"a}; Richard Finlay},
	Date-Added = {2016-10-27 11:11:48 +0000},
	Date-Modified = {2016-10-31 16:39:14 +0000},
	Institution = {Economic Group: Reserve Bank of Australia},
	Month = {April},
	Title = {Home Prices and Household Spending},
	Type = {Research Discussion Paper},
	Year = {2013},
	Bdsk-File-1 = {YnBsaXN0MDDUAQIDBAUGJCVYJHZlcnNpb25YJG9iamVjdHNZJGFyY2hpdmVyVCR0b3ASAAGGoKgHCBMUFRYaIVUkbnVsbNMJCgsMDxJXTlMua2V5c1pOUy5vYmplY3RzViRjbGFzc6INDoACgAOiEBGABIAFgAdccmVsYXRpdmVQYXRoWWFsaWFzRGF0YV8QKC4uL2JpYmxpb2dyYXBoeS9iaWJ0ZXgtcGRmcy9yYmFfMjAwNC5wZGbSFwsYGVdOUy5kYXRhTxEB1AAAAAAB1AACAAAEQW1hYwAAAAAAAAAAAAAAAAAAAAAAAAAAAAAA0cfRdUgrAAABI3rODHJiYV8yMDA0LnBkZgAAAAAAAAAAAAAAAAAAAAAAAAAAAAAAAAAAAAAAAAAAAAAAAAAAAAAAAAAAAAAAAAAAAANYp6DUN6NfUERGIAAAAAAAAQADAAAJIAAAAAAAAAAAAAAAAAAAAAtiaWJ0ZXgtcGRmcwAAEAAIAADRx6dFAAAAEQAIAADUN3kvAAAAAQAYASN6zgGzgbsBseNrAdYfHAAGutsABmgNAAIAYEFtYWM6VXNlcnM6AEFidURhdmlkOgBPbmVEcml2ZSAtIHBvc3QuYmd1LmFjLmlsOgBzY2hvb2w6AGJpYmxpb2dyYXBoeToAYmlidGV4LXBkZnM6AHJiYV8yMDA0LnBkZgAOABoADAByAGIAYQBfADIAMAAwADQALgBwAGQAZgAPAAoABABBAG0AYQBjABIAVVVzZXJzL0FidURhdmlkL09uZURyaXZlIC0gcG9zdC5iZ3UuYWMuaWwvc2Nob29sL2JpYmxpb2dyYXBoeS9iaWJ0ZXgtcGRmcy9yYmFfMjAwNC5wZGYAABMAAS8AABUAAgAP//8AAIAG0hscHR5aJGNsYXNzbmFtZVgkY2xhc3Nlc11OU011dGFibGVEYXRhox0fIFZOU0RhdGFYTlNPYmplY3TSGxwiI1xOU0RpY3Rpb25hcnmiIiBfEA9OU0tleWVkQXJjaGl2ZXLRJidUcm9vdIABAAgAEQAaACMALQAyADcAQABGAE0AVQBgAGcAagBsAG4AcQBzAHUAdwCEAI4AuQC+AMYCngKgAqUCsAK5AscCywLSAtsC4ALtAvADAgMFAwoAAAAAAAACAQAAAAAAAAAoAAAAAAAAAAAAAAAAAAADDA==}}

@article{buiter2010,
	Author = {Buiter, Willem H.},
	Date-Added = {2016-10-27 11:07:10 +0000},
	Date-Modified = {2016-10-31 16:38:56 +0000},
	Doi = {10.5018/economics-ejournal.ja.2010-22},
	Issn = {1864-6042},
	Journal = {Economics: The Open-Access, Open-Assessment E-Journal},
	Number = {2010-22},
	Pages = {1},
	Publisher = {ZBW - German National Library of Economics},
	Title = {Housing Wealth Isn't Wealth},
	Url = {http://dx.doi.org/10.5018/economics-ejournal.ja.2010-22},
	Volume = {4},
	Year = {2010},
	Bdsk-File-1 = {YnBsaXN0MDDUAQIDBAUGJCVYJHZlcnNpb25YJG9iamVjdHNZJGFyY2hpdmVyVCR0b3ASAAGGoKgHCBMUFRYaIVUkbnVsbNMJCgsMDxJXTlMua2V5c1pOUy5vYmplY3RzViRjbGFzc6INDoACgAOiEBGABIAFgAdccmVsYXRpdmVQYXRoWWFsaWFzRGF0YV8QKy4uL2JpYmxpb2dyYXBoeS9iaWJ0ZXgtcGRmcy9CdWl0ZXJfMjAxMC5wZGbSFwsYGVdOUy5kYXRhTxEB4AAAAAAB4AACAAAEQW1hYwAAAAAAAAAAAAAAAAAAAAAAAAAAAAAA0cfRdUgrAAABI3rOD0J1aXRlcl8yMDEwLnBkZgAAAAAAAAAAAAAAAAAAAAAAAAAAAAAAAAAAAAAAAAAAAAAAAAAAAAAAAAAAAAAAAANYp5fUN6s7UERGIAAAAAAAAQADAAAJIAAAAAAAAAAAAAAAAAAAAAtiaWJ0ZXgtcGRmcwAAEAAIAADRx6dFAAAAEQAIAADUN4ELAAAAAQAYASN6zgGzgbsBseNrAdYfHAAGutsABmgNAAIAY0FtYWM6VXNlcnM6AEFidURhdmlkOgBPbmVEcml2ZSAtIHBvc3QuYmd1LmFjLmlsOgBzY2hvb2w6AGJpYmxpb2dyYXBoeToAYmlidGV4LXBkZnM6AEJ1aXRlcl8yMDEwLnBkZgAADgAgAA8AQgB1AGkAdABlAHIAXwAyADAAMQAwAC4AcABkAGYADwAKAAQAQQBtAGEAYwASAFhVc2Vycy9BYnVEYXZpZC9PbmVEcml2ZSAtIHBvc3QuYmd1LmFjLmlsL3NjaG9vbC9iaWJsaW9ncmFwaHkvYmlidGV4LXBkZnMvQnVpdGVyXzIwMTAucGRmABMAAS8AABUAAgAP//8AAIAG0hscHR5aJGNsYXNzbmFtZVgkY2xhc3Nlc11OU011dGFibGVEYXRhox0fIFZOU0RhdGFYTlNPYmplY3TSGxwiI1xOU0RpY3Rpb25hcnmiIiBfEA9OU0tleWVkQXJjaGl2ZXLRJidUcm9vdIABAAgAEQAaACMALQAyADcAQABGAE0AVQBgAGcAagBsAG4AcQBzAHUAdwCEAI4AvADBAMkCrQKvArQCvwLIAtYC2gLhAuoC7wL8Av8DEQMUAxkAAAAAAAACAQAAAAAAAAAoAAAAAAAAAAAAAAAAAAADGw==},
	Bdsk-Url-1 = {http://dx.doi.org/10.5018/economics-ejournal.ja.2010-22}}

@article{CQS2005,
	Author = {Case, K.E.},
	Date-Added = {2016-10-26 10:17:37 +0000},
	Date-Modified = {2016-10-26 10:18:36 +0000},
	Journal = {Advances in Macroeconomics},
	Number = {1},
	Title = {Comparing Wealth Effects: The Stock Market versus the Housing Market},
	Volume = {5},
	Year = {2005},
	Bdsk-File-1 = {YnBsaXN0MDDUAQIDBAUGJCVYJHZlcnNpb25YJG9iamVjdHNZJGFyY2hpdmVyVCR0b3ASAAGGoKgHCBMUFRYaIVUkbnVsbNMJCgsMDxJXTlMua2V5c1pOUy5vYmplY3RzViRjbGFzc6INDoACgAOiEBGABIAFgAdccmVsYXRpdmVQYXRoWWFsaWFzRGF0YV8QJy4uL2JpYmxpb2dyYXBoeS9iaWJ0ZXgtcGRmcy9DUVMyMDA1LnBkZtIXCxgZV05TLmRhdGFPEQHQAAAAAAHQAAIAAARBbWFjAAAAAAAAAAAAAAAAAAAAAAAAAAAAAADRx9F1SCsAAAEjes4LQ1FTMjAwNS5wZGYAAAAAAAAAAAAAAAAAAAAAAAAAAAAAAAAAAAAAAAAAAAAAAAAAAAAAAAAAAAAAAAAAAAAAA2GvJdQ2XUpQREYgAAAAAAABAAMAAAkgAAAAAAAAAAAAAAAAAAAAC2JpYnRleC1wZGZzAAAQAAgAANHHp0UAAAARAAgAANQ2MxoAAAABABgBI3rOAbOBuwGx42sB1h8cAAa62wAGaA0AAgBfQW1hYzpVc2VyczoAQWJ1RGF2aWQ6AE9uZURyaXZlIC0gcG9zdC5iZ3UuYWMuaWw6AHNjaG9vbDoAYmlibGlvZ3JhcGh5OgBiaWJ0ZXgtcGRmczoAQ1FTMjAwNS5wZGYAAA4AGAALAEMAUQBTADIAMAAwADUALgBwAGQAZgAPAAoABABBAG0AYQBjABIAVFVzZXJzL0FidURhdmlkL09uZURyaXZlIC0gcG9zdC5iZ3UuYWMuaWwvc2Nob29sL2JpYmxpb2dyYXBoeS9iaWJ0ZXgtcGRmcy9DUVMyMDA1LnBkZgATAAEvAAAVAAIAD///AACABtIbHB0eWiRjbGFzc25hbWVYJGNsYXNzZXNdTlNNdXRhYmxlRGF0YaMdHyBWTlNEYXRhWE5TT2JqZWN00hscIiNcTlNEaWN0aW9uYXJ5oiIgXxAPTlNLZXllZEFyY2hpdmVy0SYnVHJvb3SAAQAIABEAGgAjAC0AMgA3AEAARgBNAFUAYABnAGoAbABuAHEAcwB1AHcAhACOALgAvQDFApkCmwKgAqsCtALCAsYCzQLWAtsC6ALrAv0DAAMFAAAAAAAAAgEAAAAAAAAAKAAAAAAAAAAAAAAAAAAAAwc=}}

@article{Gan2010,
	Author = {Gan, Jie},
	Date-Added = {2016-10-26 10:08:09 +0000},
	Date-Modified = {2016-10-31 16:38:47 +0000},
	Doi = {10.1093/rfs/hhp127},
	Issn = {1465-7368},
	Journal = {Review of Financial Studies},
	Month = {Feb},
	Number = {6},
	Pages = {2229--2267},
	Publisher = {Oxford University Press (OUP)},
	Title = {Housing Wealth and Consumption Growth: Evidence from a Large Panel of Households},
	Url = {http://dx.doi.org/10.1093/rfs/hhp127},
	Volume = {23},
	Year = {2010},
	Bdsk-File-1 = {YnBsaXN0MDDUAQIDBAUGJCVYJHZlcnNpb25YJG9iamVjdHNZJGFyY2hpdmVyVCR0b3ASAAGGoKgHCBMUFRYaIVUkbnVsbNMJCgsMDxJXTlMua2V5c1pOUy5vYmplY3RzViRjbGFzc6INDoACgAOiEBGABIAFgAdccmVsYXRpdmVQYXRoWWFsaWFzRGF0YV8QKC4uL2JpYmxpb2dyYXBoeS9iaWJ0ZXgtcGRmcy9HYW5fMjAxMC5wZGbSFwsYGVdOUy5kYXRhTxEB1AAAAAAB1AACAAAEQW1hYwAAAAAAAAAAAAAAAAAAAAAAAAAAAAAA0cfRdUgrAAABI3rODEdhbl8yMDEwLnBkZgAAAAAAAAAAAAAAAAAAAAAAAAAAAAAAAAAAAAAAAAAAAAAAAAAAAAAAAAAAAAAAAAAAAANXlbLUNlsdUERGIAAAAAAAAQADAAAJIAAAAAAAAAAAAAAAAAAAAAtiaWJ0ZXgtcGRmcwAAEAAIAADRx6dFAAAAEQAIAADUNjDtAAAAAQAYASN6zgGzgbsBseNrAdYfHAAGutsABmgNAAIAYEFtYWM6VXNlcnM6AEFidURhdmlkOgBPbmVEcml2ZSAtIHBvc3QuYmd1LmFjLmlsOgBzY2hvb2w6AGJpYmxpb2dyYXBoeToAYmlidGV4LXBkZnM6AEdhbl8yMDEwLnBkZgAOABoADABHAGEAbgBfADIAMAAxADAALgBwAGQAZgAPAAoABABBAG0AYQBjABIAVVVzZXJzL0FidURhdmlkL09uZURyaXZlIC0gcG9zdC5iZ3UuYWMuaWwvc2Nob29sL2JpYmxpb2dyYXBoeS9iaWJ0ZXgtcGRmcy9HYW5fMjAxMC5wZGYAABMAAS8AABUAAgAP//8AAIAG0hscHR5aJGNsYXNzbmFtZVgkY2xhc3Nlc11OU011dGFibGVEYXRhox0fIFZOU0RhdGFYTlNPYmplY3TSGxwiI1xOU0RpY3Rpb25hcnmiIiBfEA9OU0tleWVkQXJjaGl2ZXLRJidUcm9vdIABAAgAEQAaACMALQAyADcAQABGAE0AVQBgAGcAagBsAG4AcQBzAHUAdwCEAI4AuQC+AMYCngKgAqUCsAK5AscCywLSAtsC4ALtAvADAgMFAwoAAAAAAAACAQAAAAAAAAAoAAAAAAAAAAAAAAAAAAADDA==},
	Bdsk-Url-1 = {http://dx.doi.org/10.1093/rfs/hhp127}}

@article{Carroll2010,
	Author = {Carroll, Christopher D.; Otsuka, Misuzu; Slacalek, Jiri},
	Date-Added = {2016-10-26 09:25:15 +0000},
	Date-Modified = {2016-10-26 09:27:37 +0000},
	Journal = {Journal of Money, Credit, and Banking},
	Month = {February},
	Number = {1},
	Pages = {55-79},
	Title = {How Large Are Housing and Financial Wealth Effects? A New Approach},
	Volume = {43},
	Year = {2011},
	Bdsk-File-1 = {YnBsaXN0MDDUAQIDBAUGJCVYJHZlcnNpb25YJG9iamVjdHNZJGFyY2hpdmVyVCR0b3ASAAGGoKgHCBMUFRYaIVUkbnVsbNMJCgsMDxJXTlMua2V5c1pOUy5vYmplY3RzViRjbGFzc6INDoACgAOiEBGABIAFgAdccmVsYXRpdmVQYXRoWWFsaWFzRGF0YV8QKy4uL2JpYmxpb2dyYXBoeS9iaWJ0ZXgtcGRmcy9DYXJyb2xsMjAxMC5wZGbSFwsYGVdOUy5kYXRhTxEB4AAAAAAB4AACAAAEQW1hYwAAAAAAAAAAAAAAAAAAAAAAAAAAAAAA0cfRdUgrAAABI3rOD0NhcnJvbGwyMDEwLnBkZgAAAAAAAAAAAAAAAAAAAAAAAAAAAAAAAAAAAAAAAAAAAAAAAAAAAAAAAAAAAAAAAANXMuPUNlHxAAAAAAAAAAAAAQADAAAJIAAAAAAAAAAAAAAAAAAAAAtiaWJ0ZXgtcGRmcwAAEAAIAADRx6dFAAAAEQAIAADUNifBAAAAAQAYASN6zgGzgbsBseNrAdYfHAAGutsABmgNAAIAY0FtYWM6VXNlcnM6AEFidURhdmlkOgBPbmVEcml2ZSAtIHBvc3QuYmd1LmFjLmlsOgBzY2hvb2w6AGJpYmxpb2dyYXBoeToAYmlidGV4LXBkZnM6AENhcnJvbGwyMDEwLnBkZgAADgAgAA8AQwBhAHIAcgBvAGwAbAAyADAAMQAwAC4AcABkAGYADwAKAAQAQQBtAGEAYwASAFhVc2Vycy9BYnVEYXZpZC9PbmVEcml2ZSAtIHBvc3QuYmd1LmFjLmlsL3NjaG9vbC9iaWJsaW9ncmFwaHkvYmlidGV4LXBkZnMvQ2Fycm9sbDIwMTAucGRmABMAAS8AABUAAgAP//8AAIAG0hscHR5aJGNsYXNzbmFtZVgkY2xhc3Nlc11OU011dGFibGVEYXRhox0fIFZOU0RhdGFYTlNPYmplY3TSGxwiI1xOU0RpY3Rpb25hcnmiIiBfEA9OU0tleWVkQXJjaGl2ZXLRJidUcm9vdIABAAgAEQAaACMALQAyADcAQABGAE0AVQBgAGcAagBsAG4AcQBzAHUAdwCEAI4AvADBAMkCrQKvArQCvwLIAtYC2gLhAuoC7wL8Av8DEQMUAxkAAAAAAAACAQAAAAAAAAAoAAAAAAAAAAAAAAAAAAADGw==}}

@book{lillis2014,
	Author = {Lillis},
	Date-Added = {2016-10-25 17:58:38 +0000},
	Date-Modified = {2016-10-25 17:58:38 +0000},
	Keywords = {visual},
	Title = {R Graph Essentials},
	Year = {2014},
	Bdsk-File-1 = {YnBsaXN0MDDUAQIDBAUGJCVYJHZlcnNpb25YJG9iamVjdHNZJGFyY2hpdmVyVCR0b3ASAAGGoKgHCBMUFRYaIVUkbnVsbNMJCgsMDxJXTlMua2V5c1pOUy5vYmplY3RzViRjbGFzc6INDoACgAOiEBGABIAFgAdccmVsYXRpdmVQYXRoWWFsaWFzRGF0YV8QKy4uL2JpYmxpb2dyYXBoeS9iaWJ0ZXgtcGRmcy9saWxsaXMyMDE0YS5wZGbSFwsYGVdOUy5kYXRhTxEB4AAAAAAB4AACAAAEQW1hYwAAAAAAAAAAAAAAAAAAAAAAAAAAAAAA0cfRdUgrAAABI3rOD2xpbGxpczIwMTRhLnBkZgAAAAAAAAAAAAAAAAAAAAAAAAAAAAAAAAAAAAAAAAAAAAAAAAAAAAAAAAAAAAAAAAMoY+rUDu+wAAAAAAAAAAAAAQADAAAJIAAAAAAAAAAAAAAAAAAAAAtiaWJ0ZXgtcGRmcwAAEAAIAADRx6dFAAAAEQAIAADUDsWAAAAAAQAYASN6zgGzgbsBseNrAdYfHAAGutsABmgNAAIAY0FtYWM6VXNlcnM6AEFidURhdmlkOgBPbmVEcml2ZSAtIHBvc3QuYmd1LmFjLmlsOgBzY2hvb2w6AGJpYmxpb2dyYXBoeToAYmlidGV4LXBkZnM6AGxpbGxpczIwMTRhLnBkZgAADgAgAA8AbABpAGwAbABpAHMAMgAwADEANABhAC4AcABkAGYADwAKAAQAQQBtAGEAYwASAFhVc2Vycy9BYnVEYXZpZC9PbmVEcml2ZSAtIHBvc3QuYmd1LmFjLmlsL3NjaG9vbC9iaWJsaW9ncmFwaHkvYmlidGV4LXBkZnMvbGlsbGlzMjAxNGEucGRmABMAAS8AABUAAgAP//8AAIAG0hscHR5aJGNsYXNzbmFtZVgkY2xhc3Nlc11OU011dGFibGVEYXRhox0fIFZOU0RhdGFYTlNPYmplY3TSGxwiI1xOU0RpY3Rpb25hcnmiIiBfEA9OU0tleWVkQXJjaGl2ZXLRJidUcm9vdIABAAgAEQAaACMALQAyADcAQABGAE0AVQBgAGcAagBsAG4AcQBzAHUAdwCEAI4AvADBAMkCrQKvArQCvwLIAtYC2gLhAuoC7wL8Av8DEQMUAxkAAAAAAAACAQAAAAAAAAAoAAAAAAAAAAAAAAAAAAADGw==},
	Bdsk-File-2 = {YnBsaXN0MDDUAQIDBAUGJCVYJHZlcnNpb25YJG9iamVjdHNZJGFyY2hpdmVyVCR0b3ASAAGGoKgHCBMUFRYaIVUkbnVsbNMJCgsMDxJXTlMua2V5c1pOUy5vYmplY3RzViRjbGFzc6INDoACgAOiEBGABIAFgAdccmVsYXRpdmVQYXRoWWFsaWFzRGF0YV8QKy4uL2JpYmxpb2dyYXBoeS9iaWJ0ZXgtcGRmcy9saWxsaXMyMDE0Yi5wZGbSFwsYGVdOUy5kYXRhTxEB4AAAAAAB4AACAAAEQW1hYwAAAAAAAAAAAAAAAAAAAAAAAAAAAAAA0cfRdUgrAAABI3rOD2xpbGxpczIwMTRiLnBkZgAAAAAAAAAAAAAAAAAAAAAAAAAAAAAAAAAAAAAAAAAAAAAAAAAAAAAAAAAAAAAAAAMoY/rUDu+2AAAAAAAAAAAAAQADAAAJIAAAAAAAAAAAAAAAAAAAAAtiaWJ0ZXgtcGRmcwAAEAAIAADRx6dFAAAAEQAIAADUDsWGAAAAAQAYASN6zgGzgbsBseNrAdYfHAAGutsABmgNAAIAY0FtYWM6VXNlcnM6AEFidURhdmlkOgBPbmVEcml2ZSAtIHBvc3QuYmd1LmFjLmlsOgBzY2hvb2w6AGJpYmxpb2dyYXBoeToAYmlidGV4LXBkZnM6AGxpbGxpczIwMTRiLnBkZgAADgAgAA8AbABpAGwAbABpAHMAMgAwADEANABiAC4AcABkAGYADwAKAAQAQQBtAGEAYwASAFhVc2Vycy9BYnVEYXZpZC9PbmVEcml2ZSAtIHBvc3QuYmd1LmFjLmlsL3NjaG9vbC9iaWJsaW9ncmFwaHkvYmlidGV4LXBkZnMvbGlsbGlzMjAxNGIucGRmABMAAS8AABUAAgAP//8AAIAG0hscHR5aJGNsYXNzbmFtZVgkY2xhc3Nlc11OU011dGFibGVEYXRhox0fIFZOU0RhdGFYTlNPYmplY3TSGxwiI1xOU0RpY3Rpb25hcnmiIiBfEA9OU0tleWVkQXJjaGl2ZXLRJidUcm9vdIABAAgAEQAaACMALQAyADcAQABGAE0AVQBgAGcAagBsAG4AcQBzAHUAdwCEAI4AvADBAMkCrQKvArQCvwLIAtYC2gLhAuoC7wL8Av8DEQMUAxkAAAAAAAACAQAAAAAAAAAoAAAAAAAAAAAAAAAAAAADGw==}}

@techreport{raman2000,
	Author = {Raman, Vijayshankar; Hellerstein, Joseph M.},
	Date-Added = {2016-10-25 17:58:38 +0000},
	Date-Modified = {2016-10-25 17:58:38 +0000},
	Institution = {U.C. Berkeley},
	Keywords = {cleaning, data, tidy, tidydata, visual},
	Number = {UCB/CSD-0-1110},
	Title = {An Interactive Framework for Data Cleaning},
	Type = {EECS},
	Year = {2000},
	Bdsk-File-1 = {YnBsaXN0MDDUAQIDBAUGJCVYJHZlcnNpb25YJG9iamVjdHNZJGFyY2hpdmVyVCR0b3ASAAGGoKgHCBMUFRYaIVUkbnVsbNMJCgsMDxJXTlMua2V5c1pOUy5vYmplY3RzViRjbGFzc6INDoACgAOiEBGABIAFgAdccmVsYXRpdmVQYXRoWWFsaWFzRGF0YV8QKS4uL2JpYmxpb2dyYXBoeS9iaWJ0ZXgtcGRmcy9yYW1hbjIwMDAucGRm0hcLGBlXTlMuZGF0YU8RAdgAAAAAAdgAAgAABEFtYWMAAAAAAAAAAAAAAAAAAAAAAAAAAAAAANHH0XVIKwAAASN6zg1yYW1hbjIwMDAucGRmAAAAAAAAAAAAAAAAAAAAAAAAAAAAAAAAAAAAAAAAAAAAAAAAAAAAAAAAAAAAAAAAAAACpWHx0759CAAAAAAAAAAAAAEAAwAACSAAAAAAAAAAAAAAAAAAAAALYmlidGV4LXBkZnMAABAACAAA0cenRQAAABEACAAA075S2AAAAAEAGAEjes4Bs4G7AbHjawHWHxwABrrbAAZoDQACAGFBbWFjOlVzZXJzOgBBYnVEYXZpZDoAT25lRHJpdmUgLSBwb3N0LmJndS5hYy5pbDoAc2Nob29sOgBiaWJsaW9ncmFwaHk6AGJpYnRleC1wZGZzOgByYW1hbjIwMDAucGRmAAAOABwADQByAGEAbQBhAG4AMgAwADAAMAAuAHAAZABmAA8ACgAEAEEAbQBhAGMAEgBWVXNlcnMvQWJ1RGF2aWQvT25lRHJpdmUgLSBwb3N0LmJndS5hYy5pbC9zY2hvb2wvYmlibGlvZ3JhcGh5L2JpYnRleC1wZGZzL3JhbWFuMjAwMC5wZGYAEwABLwAAFQACAA///wAAgAbSGxwdHlokY2xhc3NuYW1lWCRjbGFzc2VzXU5TTXV0YWJsZURhdGGjHR8gVk5TRGF0YVhOU09iamVjdNIbHCIjXE5TRGljdGlvbmFyeaIiIF8QD05TS2V5ZWRBcmNoaXZlctEmJ1Ryb290gAEACAARABoAIwAtADIANwBAAEYATQBVAGAAZwBqAGwAbgBxAHMAdQB3AIQAjgC6AL8AxwKjAqUCqgK1Ar4CzALQAtcC4ALlAvIC9QMHAwoDDwAAAAAAAAIBAAAAAAAAACgAAAAAAAAAAAAAAAAAAAMR}}

@techreport{kahn2013,
	Abstract = {This work uses data from the Israeli Household Expenditure Survey for 2003--2011 to assess the effect of changes in home and rent prices on households' private consumption expenditure. We find that an increase in house prices acts to increase owners' consumption, particularly in the intermediate age groups---between 35 and 55---while the effects of house prices on consumption by younger or older households is not significant. The analysis shows that the development of regional prices, which better reflect the value of household property than the general average price, is what affects private consumption. The effect is of a magnitude of 0.18---higher than estimates obtained in studies for other countries. The effects of the substantial house price increases since 2008 on private consumption were stronger than those of the prolonged price decline in the ten years ending in 2007. The rapid increase in house prices between 2009 and 2011, and particularly in 2010, contributed more than 1 percentage point to private consumption expenditure in each of these years (according to the Expenditure Survey) as against a smaller contribution in the preceding years. The increase in rent contributed to a decline in consumption by apartment tenants, contrasted with an increase in consumption by landlords. Overall, the housing market abetted the growth of private consumption during these years.},
	Author = {Kahn, Michael; Ribon, Sigal},
	Date-Added = {2016-10-20 19:57:03 +0000},
	Date-Modified = {2016-10-25 12:01:22 +0000},
	Institution = {Bank of Israel},
	Month = {May},
	Title = {The Effect of House and Rent Prices on Private Consumption in Israel - A Micro Data Analysis},
	Year = {2013},
	Bdsk-File-1 = {YnBsaXN0MDDUAQIDBAUGJCVYJHZlcnNpb25YJG9iamVjdHNZJGFyY2hpdmVyVCR0b3ASAAGGoKgHCBMUFRYaIVUkbnVsbNMJCgsMDxJXTlMua2V5c1pOUy5vYmplY3RzViRjbGFzc6INDoACgAOiEBGABIAFgAdccmVsYXRpdmVQYXRoWWFsaWFzRGF0YV8QKC4uL2JpYmxpb2dyYXBoeS9iaWJ0ZXgtcGRmcy9rYWhuMjAxMy5wZGbSFwsYGVdOUy5kYXRhTxEB1AAAAAAB1AACAAAEQW1hYwAAAAAAAAAAAAAAAAAAAAAAAAAAAAAA0cfRdUgrAAABI3rODGthaG4yMDEzLnBkZgAAAAAAAAAAAAAAAAAAAAAAAAAAAAAAAAAAAAAAAAAAAAAAAAAAAAAAAAAAAAAAAAAAAANnyc3ULvwOUERGIAAAAAAAAQADAAAJIAAAAAAAAAAAAAAAAAAAAAtiaWJ0ZXgtcGRmcwAAEAAIAADRx6dFAAAAEQAIAADULtHeAAAAAQAYASN6zgGzgbsBseNrAdYfHAAGutsABmgNAAIAYEFtYWM6VXNlcnM6AEFidURhdmlkOgBPbmVEcml2ZSAtIHBvc3QuYmd1LmFjLmlsOgBzY2hvb2w6AGJpYmxpb2dyYXBoeToAYmlidGV4LXBkZnM6AGthaG4yMDEzLnBkZgAOABoADABrAGEAaABuADIAMAAxADMALgBwAGQAZgAPAAoABABBAG0AYQBjABIAVVVzZXJzL0FidURhdmlkL09uZURyaXZlIC0gcG9zdC5iZ3UuYWMuaWwvc2Nob29sL2JpYmxpb2dyYXBoeS9iaWJ0ZXgtcGRmcy9rYWhuMjAxMy5wZGYAABMAAS8AABUAAgAP//8AAIAG0hscHR5aJGNsYXNzbmFtZVgkY2xhc3Nlc11OU011dGFibGVEYXRhox0fIFZOU0RhdGFYTlNPYmplY3TSGxwiI1xOU0RpY3Rpb25hcnmiIiBfEA9OU0tleWVkQXJjaGl2ZXLRJidUcm9vdIABAAgAEQAaACMALQAyADcAQABGAE0AVQBgAGcAagBsAG4AcQBzAHUAdwCEAI4AuQC+AMYCngKgAqUCsAK5AscCywLSAtsC4ALtAvADAgMFAwoAAAAAAAACAQAAAAAAAAAoAAAAAAAAAAAAAAAAAAADDA==}}

@book{deaton1993,
	Author = {Angus Deaton},
	Date-Added = {2016-10-17 10:52:48 +0000},
	Date-Modified = {2016-10-25 17:59:34 +0000},
	Isbn = {0198288247,9780198288244,0198287593,9780198287599},
	Publisher = {Oxford University Press, USA},
	Series = {Clarendon Lectures in Economics},
	Title = {Understanding consumption},
	Year = {1993},
	Bdsk-File-1 = {YnBsaXN0MDDUAQIDBAUGJCVYJHZlcnNpb25YJG9iamVjdHNZJGFyY2hpdmVyVCR0b3ASAAGGoKgHCBMUFRYaIVUkbnVsbNMJCgsMDxJXTlMua2V5c1pOUy5vYmplY3RzViRjbGFzc6INDoACgAOiEBGABIAFgAdccmVsYXRpdmVQYXRoWWFsaWFzRGF0YV8QKi4uL2JpYmxpb2dyYXBoeS9iaWJ0ZXgtcGRmcy9kZWF0b24xOTkzLnBkZtIXCxgZV05TLmRhdGFPEQHcAAAAAAHcAAIAAARBbWFjAAAAAAAAAAAAAAAAAAAAAAAAAAAAAADRx9F1SCsAAAEjes4OZGVhdG9uMTk5My5wZGYAAAAAAAAAAAAAAAAAAAAAAAAAAAAAAAAAAAAAAAAAAAAAAAAAAAAAAAAAAAAAAAAAA2J6d9QqiEpQREYgAAAAAAABAAMAAAkgAAAAAAAAAAAAAAAAAAAAC2JpYnRleC1wZGZzAAAQAAgAANHHp0UAAAARAAgAANQqXhoAAAABABgBI3rOAbOBuwGx42sB1h8cAAa62wAGaA0AAgBiQW1hYzpVc2VyczoAQWJ1RGF2aWQ6AE9uZURyaXZlIC0gcG9zdC5iZ3UuYWMuaWw6AHNjaG9vbDoAYmlibGlvZ3JhcGh5OgBiaWJ0ZXgtcGRmczoAZGVhdG9uMTk5My5wZGYADgAeAA4AZABlAGEAdABvAG4AMQA5ADkAMwAuAHAAZABmAA8ACgAEAEEAbQBhAGMAEgBXVXNlcnMvQWJ1RGF2aWQvT25lRHJpdmUgLSBwb3N0LmJndS5hYy5pbC9zY2hvb2wvYmlibGlvZ3JhcGh5L2JpYnRleC1wZGZzL2RlYXRvbjE5OTMucGRmAAATAAEvAAAVAAIAD///AACABtIbHB0eWiRjbGFzc25hbWVYJGNsYXNzZXNdTlNNdXRhYmxlRGF0YaMdHyBWTlNEYXRhWE5TT2JqZWN00hscIiNcTlNEaWN0aW9uYXJ5oiIgXxAPTlNLZXllZEFyY2hpdmVy0SYnVHJvb3SAAQAIABEAGgAjAC0AMgA3AEAARgBNAFUAYABnAGoAbABuAHEAcwB1AHcAhACOALsAwADIAqgCqgKvAroCwwLRAtUC3ALlAuoC9wL6AwwDDwMUAAAAAAAAAgEAAAAAAAAAKAAAAAAAAAAAAAAAAAAAAxY=}}

@techreport{Carroll2004,
	Author = {Carroll, Christopher D.},
	Date-Added = {2016-10-14 07:31:37 +0000},
	Date-Modified = {2016-10-14 07:32:43 +0000},
	Institution = {Johns Hopkins University},
	Title = {Housing Wealth and Consumption Expenditure},
	Year = {2004},
	Bdsk-File-1 = {YnBsaXN0MDDUAQIDBAUGJCVYJHZlcnNpb25YJG9iamVjdHNZJGFyY2hpdmVyVCR0b3ASAAGGoKgHCBMUFRYaIVUkbnVsbNMJCgsMDxJXTlMua2V5c1pOUy5vYmplY3RzViRjbGFzc6INDoACgAOiEBGABIAFgAdccmVsYXRpdmVQYXRoWWFsaWFzRGF0YV8QKy4uL2JpYmxpb2dyYXBoeS9iaWJ0ZXgtcGRmcy9DYXJyb2xsMjAwNC5wZGbSFwsYGVdOUy5kYXRhTxEB4AAAAAAB4AACAAAEQW1hYwAAAAAAAAAAAAAAAAAAAAAAAAAAAAAA0cfRdUgrAAABI3rOD0NhcnJvbGwyMDA0LnBkZgAAAAAAAAAAAAAAAAAAAAAAAAAAAAAAAAAAAAAAAAAAAAAAAAAAAAAAAAAAAAAAAANIWhnUJmTPUERGIAAAAAAAAQADAAAJIAAAAAAAAAAAAAAAAAAAAAtiaWJ0ZXgtcGRmcwAAEAAIAADRx6dFAAAAEQAIAADUJjqfAAAAAQAYASN6zgGzgbsBseNrAdYfHAAGutsABmgNAAIAY0FtYWM6VXNlcnM6AEFidURhdmlkOgBPbmVEcml2ZSAtIHBvc3QuYmd1LmFjLmlsOgBzY2hvb2w6AGJpYmxpb2dyYXBoeToAYmlidGV4LXBkZnM6AENhcnJvbGwyMDA0LnBkZgAADgAgAA8AQwBhAHIAcgBvAGwAbAAyADAAMAA0AC4AcABkAGYADwAKAAQAQQBtAGEAYwASAFhVc2Vycy9BYnVEYXZpZC9PbmVEcml2ZSAtIHBvc3QuYmd1LmFjLmlsL3NjaG9vbC9iaWJsaW9ncmFwaHkvYmlidGV4LXBkZnMvQ2Fycm9sbDIwMDQucGRmABMAAS8AABUAAgAP//8AAIAG0hscHR5aJGNsYXNzbmFtZVgkY2xhc3Nlc11OU011dGFibGVEYXRhox0fIFZOU0RhdGFYTlNPYmplY3TSGxwiI1xOU0RpY3Rpb25hcnmiIiBfEA9OU0tleWVkQXJjaGl2ZXLRJidUcm9vdIABAAgAEQAaACMALQAyADcAQABGAE0AVQBgAGcAagBsAG4AcQBzAHUAdwCEAI4AvADBAMkCrQKvArQCvwLIAtYC2gLhAuoC7wL8Av8DEQMUAxkAAAAAAAACAQAAAAAAAAAoAAAAAAAAAAAAAAAAAAADGw==}}

@techreport{calomiris2009,
	Abstract = {Models used to guide policy, as well as some empirical studies, suggest that the effect of housing wealth on consumption is large and greater than the wealth effect on consumption from stock holdings.  Recent theoretical work, in contrast, argues that changes in housing wealth are offset by changes in housing consumption, meaning that unexpected shocks in housing wealth should have little effect on non-housing consumption. We reexamine the impact of housing wealth on non-housing consumption, employing the Case-Quigley-Shiller data on U.S. housing wealth that have been used in prior studies to estimate a large housing wealth effect.  Existing empirical work fails to control for the fact that changes in housing wealth may be correlated with changes in expected permanent income, biasing the resulting estimates.  Once we control for the endogeneity bias resulting from the correlation between housing wealth and permanent income, we find that housing wealth has a small and insignificant effect on consumption. Additional analysis of time-series results provides further support for that view.},
	Author = {Charles Calomiris and Stanley D. Longhofer and William Miles},
	Date-Added = {2016-10-14 06:54:43 +0000},
	Date-Modified = {2016-10-25 12:02:15 +0000},
	Doi = {10.3386/w15075},
	Institution = {National Bureau of Economic Research},
	Keywords = {housing},
	Month = {June},
	Number = {15075},
	Series = {Working Paper Series},
	Title = {The (Mythical?) Housing Wealth Effect},
	Type = {Working Paper},
	Url = {http://www.nber.org/papers/w15075},
	Year = {2009},
	Bdsk-File-1 = {YnBsaXN0MDDUAQIDBAUGJCVYJHZlcnNpb25YJG9iamVjdHNZJGFyY2hpdmVyVCR0b3ASAAGGoKgHCBMUFRYaIVUkbnVsbNMJCgsMDxJXTlMua2V5c1pOUy5vYmplY3RzViRjbGFzc6INDoACgAOiEBGABIAFgAdccmVsYXRpdmVQYXRoWWFsaWFzRGF0YV8QKi4uL2JpYmxpb2dyYXBoeS9iaWJ0ZXgtcGRmcy9OQkVSdzE1MDc1LnBkZtIXCxgZV05TLmRhdGFPEQHcAAAAAAHcAAIAAARBbWFjAAAAAAAAAAAAAAAAAAAAAAAAAAAAAADRx9F1SCsAAAEjes4OTkJFUncxNTA3NS5wZGYAAAAAAAAAAAAAAAAAAAAAAAAAAAAAAAAAAAAAAAAAAAAAAAAAAAAAAAAAAAAAAAAAA2J0PtQmXB1QREYgAAAAAAABAAMAAAkgAAAAAAAAAAAAAAAAAAAAC2JpYnRleC1wZGZzAAAQAAgAANHHp0UAAAARAAgAANQmMe0AAAABABgBI3rOAbOBuwGx42sB1h8cAAa62wAGaA0AAgBiQW1hYzpVc2VyczoAQWJ1RGF2aWQ6AE9uZURyaXZlIC0gcG9zdC5iZ3UuYWMuaWw6AHNjaG9vbDoAYmlibGlvZ3JhcGh5OgBiaWJ0ZXgtcGRmczoATkJFUncxNTA3NS5wZGYADgAeAA4ATgBCAEUAUgB3ADEANQAwADcANQAuAHAAZABmAA8ACgAEAEEAbQBhAGMAEgBXVXNlcnMvQWJ1RGF2aWQvT25lRHJpdmUgLSBwb3N0LmJndS5hYy5pbC9zY2hvb2wvYmlibGlvZ3JhcGh5L2JpYnRleC1wZGZzL05CRVJ3MTUwNzUucGRmAAATAAEvAAAVAAIAD///AACABtIbHB0eWiRjbGFzc25hbWVYJGNsYXNzZXNdTlNNdXRhYmxlRGF0YaMdHyBWTlNEYXRhWE5TT2JqZWN00hscIiNcTlNEaWN0aW9uYXJ5oiIgXxAPTlNLZXllZEFyY2hpdmVy0SYnVHJvb3SAAQAIABEAGgAjAC0AMgA3AEAARgBNAFUAYABnAGoAbABuAHEAcwB1AHcAhACOALsAwADIAqgCqgKvAroCwwLRAtUC3ALlAuoC9wL6AwwDDwMUAAAAAAAAAgEAAAAAAAAAKAAAAAAAAAAAAAAAAAAAAxY=},
	Bdsk-Url-1 = {http://www.nber.org/papers/w15075},
	Bdsk-Url-2 = {http://dx.doi.org/10.3386/w15075}}

@book{lucas1981,
	Author = {Robert E. Lucas Jr., Thomas J. Sargent},
	Date-Added = {2016-10-14 06:46:29 +0000},
	Date-Modified = {2016-10-25 17:59:06 +0000},
	Edition = {Minnesota Archive Editions},
	Isbn = {0816609179,9780816609178},
	Keywords = {textbook},
	Publisher = {Univ Of Minnesota Press},
	Title = {Rational Expectations and Econometric Practice - Volume 1},
	Year = {1981},
	Bdsk-File-1 = {YnBsaXN0MDDUAQIDBAUGJCVYJHZlcnNpb25YJG9iamVjdHNZJGFyY2hpdmVyVCR0b3ASAAGGoKgHCBMUFRYaIVUkbnVsbNMJCgsMDxJXTlMua2V5c1pOUy5vYmplY3RzViRjbGFzc6INDoACgAOiEBGABIAFgAdccmVsYXRpdmVQYXRoWWFsaWFzRGF0YV8QKi4uL2JpYmxpb2dyYXBoeS9iaWJ0ZXgtcGRmcy9ib29rNTM3MjE2LnBkZtIXCxgZV05TLmRhdGFPEQHcAAAAAAHcAAIAAARBbWFjAAAAAAAAAAAAAAAAAAAAAAAAAAAAAADRx9F1SCsAAAEjes4OYm9vazUzNzIxNi5wZGYAAAAAAAAAAAAAAAAAAAAAAAAAAAAAAAAAAAAAAAAAAAAAAAAAAAAAAAAAAAAAAAAAA0hJmNQmWe8AAAAAAAAAAAABAAMAAAkgAAAAAAAAAAAAAAAAAAAAC2JpYnRleC1wZGZzAAAQAAgAANHHp0UAAAARAAgAANQmL78AAAABABgBI3rOAbOBuwGx42sB1h8cAAa62wAGaA0AAgBiQW1hYzpVc2VyczoAQWJ1RGF2aWQ6AE9uZURyaXZlIC0gcG9zdC5iZ3UuYWMuaWw6AHNjaG9vbDoAYmlibGlvZ3JhcGh5OgBiaWJ0ZXgtcGRmczoAYm9vazUzNzIxNi5wZGYADgAeAA4AYgBvAG8AawA1ADMANwAyADEANgAuAHAAZABmAA8ACgAEAEEAbQBhAGMAEgBXVXNlcnMvQWJ1RGF2aWQvT25lRHJpdmUgLSBwb3N0LmJndS5hYy5pbC9zY2hvb2wvYmlibGlvZ3JhcGh5L2JpYnRleC1wZGZzL2Jvb2s1MzcyMTYucGRmAAATAAEvAAAVAAIAD///AACABtIbHB0eWiRjbGFzc25hbWVYJGNsYXNzZXNdTlNNdXRhYmxlRGF0YaMdHyBWTlNEYXRhWE5TT2JqZWN00hscIiNcTlNEaWN0aW9uYXJ5oiIgXxAPTlNLZXllZEFyY2hpdmVy0SYnVHJvb3SAAQAIABEAGgAjAC0AMgA3AEAARgBNAFUAYABnAGoAbABuAHEAcwB1AHcAhACOALsAwADIAqgCqgKvAroCwwLRAtUC3ALlAuoC9wL6AwwDDwMUAAAAAAAAAgEAAAAAAAAAKAAAAAAAAAAAAAAAAAAAAxY=}}

@book{stokey1989,
	Author = {Nancy L. Stokey, Robert E. Lucas Jr., Edward C. Prescott},
	Date-Added = {2016-10-14 06:44:34 +0000},
	Date-Modified = {2016-10-25 17:59:12 +0000},
	Isbn = {0674750969,9780674750968},
	Keywords = {textbook},
	Publisher = {Harvard University Press},
	Title = {Recursive Methods in Economic Dynamics},
	Year = {1989},
	Bdsk-File-1 = {YnBsaXN0MDDUAQIDBAUGJCVYJHZlcnNpb25YJG9iamVjdHNZJGFyY2hpdmVyVCR0b3ASAAGGoKgHCBMUFRYaIVUkbnVsbNMJCgsMDxJXTlMua2V5c1pOUy5vYmplY3RzViRjbGFzc6INDoACgAOiEBGABIAFgAdccmVsYXRpdmVQYXRoWWFsaWFzRGF0YV8QKS4uL2JpYmxpb2dyYXBoeS9iaWJ0ZXgtcGRmcy9ib29rNTkxMjMucGRm0hcLGBlXTlMuZGF0YU8RAdgAAAAAAdgAAgAABEFtYWMAAAAAAAAAAAAAAAAAAAAAAAAAAAAAANHH0XVIKwAAASN6zg1ib29rNTkxMjMucGRmAAAAAAAAAAAAAAAAAAAAAAAAAAAAAAAAAAAAAAAAAAAAAAAAAAAAAAAAAAAAAAAAAAADSJAh1CZZIlBERiAAAAAAAAEAAwAACSAAAAAAAAAAAAAAAAAAAAALYmlidGV4LXBkZnMAABAACAAA0cenRQAAABEACAAA1CYu8gAAAAEAGAEjes4Bs4G7AbHjawHWHxwABrrbAAZoDQACAGFBbWFjOlVzZXJzOgBBYnVEYXZpZDoAT25lRHJpdmUgLSBwb3N0LmJndS5hYy5pbDoAc2Nob29sOgBiaWJsaW9ncmFwaHk6AGJpYnRleC1wZGZzOgBib29rNTkxMjMucGRmAAAOABwADQBiAG8AbwBrADUAOQAxADIAMwAuAHAAZABmAA8ACgAEAEEAbQBhAGMAEgBWVXNlcnMvQWJ1RGF2aWQvT25lRHJpdmUgLSBwb3N0LmJndS5hYy5pbC9zY2hvb2wvYmlibGlvZ3JhcGh5L2JpYnRleC1wZGZzL2Jvb2s1OTEyMy5wZGYAEwABLwAAFQACAA///wAAgAbSGxwdHlokY2xhc3NuYW1lWCRjbGFzc2VzXU5TTXV0YWJsZURhdGGjHR8gVk5TRGF0YVhOU09iamVjdNIbHCIjXE5TRGljdGlvbmFyeaIiIF8QD05TS2V5ZWRBcmNoaXZlctEmJ1Ryb290gAEACAARABoAIwAtADIANwBAAEYATQBVAGAAZwBqAGwAbgBxAHMAdQB3AIQAjgC6AL8AxwKjAqUCqgK1Ar4CzALQAtcC4ALlAvIC9QMHAwoDDwAAAAAAAAIBAAAAAAAAACgAAAAAAAAAAAAAAAAAAAMR}}

@book{irigoyen2003,
	Author = {Claudio Irigoyen, Esteban Rossi-Hansberg, Mark L. J. Wright},
	Date-Added = {2016-10-14 06:44:25 +0000},
	Date-Modified = {2016-10-25 17:59:19 +0000},
	Isbn = {9780674008885,067400888X},
	Keywords = {textbook},
	Publisher = {Harvard University Press},
	Title = {Solutions manual for recursive methods in economic dynamics},
	Year = {2003},
	Bdsk-File-1 = {YnBsaXN0MDDUAQIDBAUGJCVYJHZlcnNpb25YJG9iamVjdHNZJGFyY2hpdmVyVCR0b3ASAAGGoKgHCBMUFRYaIVUkbnVsbNMJCgsMDxJXTlMua2V5c1pOUy5vYmplY3RzViRjbGFzc6INDoACgAOiEBGABIAFgAdccmVsYXRpdmVQYXRoWWFsaWFzRGF0YV8QKi4uL2JpYmxpb2dyYXBoeS9iaWJ0ZXgtcGRmcy9ib29rMTc2NTg1LnBkZtIXCxgZV05TLmRhdGFPEQHcAAAAAAHcAAIAAARBbWFjAAAAAAAAAAAAAAAAAAAAAAAAAAAAAADRx9F1SCsAAAEjes4OYm9vazE3NjU4NS5wZGYAAAAAAAAAAAAAAAAAAAAAAAAAAAAAAAAAAAAAAAAAAAAAAAAAAAAAAAAAAAAAAAAAA0hIMdQmWS0AAAAAAAAAAAABAAMAAAkgAAAAAAAAAAAAAAAAAAAAC2JpYnRleC1wZGZzAAAQAAgAANHHp0UAAAARAAgAANQmLv0AAAABABgBI3rOAbOBuwGx42sB1h8cAAa62wAGaA0AAgBiQW1hYzpVc2VyczoAQWJ1RGF2aWQ6AE9uZURyaXZlIC0gcG9zdC5iZ3UuYWMuaWw6AHNjaG9vbDoAYmlibGlvZ3JhcGh5OgBiaWJ0ZXgtcGRmczoAYm9vazE3NjU4NS5wZGYADgAeAA4AYgBvAG8AawAxADcANgA1ADgANQAuAHAAZABmAA8ACgAEAEEAbQBhAGMAEgBXVXNlcnMvQWJ1RGF2aWQvT25lRHJpdmUgLSBwb3N0LmJndS5hYy5pbC9zY2hvb2wvYmlibGlvZ3JhcGh5L2JpYnRleC1wZGZzL2Jvb2sxNzY1ODUucGRmAAATAAEvAAAVAAIAD///AACABtIbHB0eWiRjbGFzc25hbWVYJGNsYXNzZXNdTlNNdXRhYmxlRGF0YaMdHyBWTlNEYXRhWE5TT2JqZWN00hscIiNcTlNEaWN0aW9uYXJ5oiIgXxAPTlNLZXllZEFyY2hpdmVy0SYnVHJvb3SAAQAIABEAGgAjAC0AMgA3AEAARgBNAFUAYABnAGoAbABuAHEAcwB1AHcAhACOALsAwADIAqgCqgKvAroCwwLRAtUC3ALlAuoC9wL6AwwDDwMUAAAAAAAAAgEAAAAAAAAAKAAAAAAAAAAAAAAAAAAAAxY=}}
