%% This BibTeX bibliography file was created using BibDesk.
%% Brandon Payne 
%% Ben-Gurion University of the Negev
%% http://orcid.org/0000-0002-8051-1163

%% Created for Benyomin Hagalili at 2016-09-14 15:21:44 +0300 


%% Saved with string encoding Unicode (UTF-8) 



@incollection{James2013,
	Author = {Gareth James and Daniela Witten and Trevor Hastie and Robert Tibshirani},
	Booktitle = {Springer Texts in Statistics},
	Date-Added = {2016-09-14 12:21:25 +0000},
	Date-Modified = {2016-09-14 12:21:25 +0000},
	Doi = {10.1007/978-1-4614-7138-7_4},
	Pages = {127--173},
	Publisher = {Springer Science $\mathplus$ Business Media},
	Title = {Classification},
	Url = {http://dx.doi.org/10.1007/978-1-4614-7138-7_4},
	Year = {2013},
	Bdsk-Url-1 = {http://dx.doi.org/10.1007/978-1-4614-7138-7_4},
	Bdsk-File-1 = {YnBsaXN0MDDUAQIDBAUGJCVYJHZlcnNpb25YJG9iamVjdHNZJGFyY2hpdmVyVCR0b3ASAAGGoKgHCBMUFRYaIVUkbnVsbNMJCgsMDxJXTlMua2V5c1pOUy5vYmplY3RzViRjbGFzc6INDoACgAOiEBGABIAFgAdccmVsYXRpdmVQYXRoWWFsaWFzRGF0YV8QGWJpYnRleC1wZGZzL0phbWVzMjAxMy5wZGbSFwsYGVdOUy5kYXRhTxEB2AAAAAAB2AACAAAEQW1hYwAAAAAAAAAAAAAAAAAAAAAAAAAAAAAA0cfRdUgrAAABI3rODUphbWVzMjAxMy5wZGYAAAAAAAAAAAAAAAAAAAAAAAAAAAAAAAAAAAAAAAAAAAAAAAAAAAAAAAAAAAAAAAAAAAMTOqHT/xrNUERGIAAAAAAAAQADAAAJIAAAAAAAAAAAAAAAAAAAAAtiaWJ0ZXgtcGRmcwAAEAAIAADRx6dFAAAAEQAIAADT/vCdAAAAAQAYASN6zgGzgbsBseNrAdYfHAAGutsABmgNAAIAYUFtYWM6VXNlcnM6AEFidURhdmlkOgBPbmVEcml2ZSAtIHBvc3QuYmd1LmFjLmlsOgBzY2hvb2w6AGJpYmxpb2dyYXBoeToAYmlidGV4LXBkZnM6AEphbWVzMjAxMy5wZGYAAA4AHAANAEoAYQBtAGUAcwAyADAAMQAzAC4AcABkAGYADwAKAAQAQQBtAGEAYwASAFZVc2Vycy9BYnVEYXZpZC9PbmVEcml2ZSAtIHBvc3QuYmd1LmFjLmlsL3NjaG9vbC9iaWJsaW9ncmFwaHkvYmlidGV4LXBkZnMvSmFtZXMyMDEzLnBkZgATAAEvAAAVAAIAD///AACABtIbHB0eWiRjbGFzc25hbWVYJGNsYXNzZXNdTlNNdXRhYmxlRGF0YaMdHyBWTlNEYXRhWE5TT2JqZWN00hscIiNcTlNEaWN0aW9uYXJ5oiIgXxAPTlNLZXllZEFyY2hpdmVy0SYnVHJvb3SAAQAIABEAGgAjAC0AMgA3AEAARgBNAFUAYABnAGoAbABuAHEAcwB1AHcAhACOAKoArwC3ApMClQKaAqUCrgK8AsACxwLQAtUC4gLlAvcC+gL/AAAAAAAAAgEAAAAAAAAAKAAAAAAAAAAAAAAAAAAAAwE=}}

@book{field2012,
	Annote = {its an epub !!},
	Author = {Andy Field, Jeremy Miles, Zoe Field},
	Date-Added = {2016-09-08 17:37:31 +0000},
	Date-Modified = {2016-09-08 17:37:55 +0000},
	Edition = {1},
	Isbn = {1446200469,9781446200469},
	Publisher = {SAGE Publications Ltd},
	Title = {Discovering Statistics Using R},
	Url = {http://gen.lib.rus.ec/book/index.php?md5=C52094DE0C48BFD0D0A232E87C2232DF},
	Year = {2012},
	Bdsk-Url-1 = {http://gen.lib.rus.ec/book/index.php?md5=C52094DE0C48BFD0D0A232E87C2232DF}}

@article{datavisualization,
	Author = {rStudio},
	Date-Added = {2016-09-04 13:28:26 +0000},
	Date-Modified = {2016-09-07 08:09:28 +0000},
	Keywords = {tidy},
	Title = {{Data visualization Cheat Sheet}},
	Bdsk-File-1 = {YnBsaXN0MDDUAQIDBAUGJCVYJHZlcnNpb25YJG9iamVjdHNZJGFyY2hpdmVyVCR0b3ASAAGGoKgHCBMUFRYaIVUkbnVsbNMJCgsMDxJXTlMua2V5c1pOUy5vYmplY3RzViRjbGFzc6INDoACgAOiEBGABIAFgAdccmVsYXRpdmVQYXRoWWFsaWFzRGF0YV8QIWJpYnRleC1wZGZzL2RhdGF2aXN1YWxpemF0aW9uLnBkZtIXCxgZV05TLmRhdGFPEQH4AAAAAAH4AAIAAARBbWFjAAAAAAAAAAAAAAAAAAAAAAAAAAAAAADRx9F1SCsAAAEjes4VZGF0YXZpc3VhbGl6YXRpb24ucGRmAAAAAAAAAAAAAAAAAAAAAAAAAAAAAAAAAAAAAAAAAAAAAAAAAAAAAAAAAwIFttPx+2gAAAAAAAAAAAABAAMAAAkgAAAAAAAAAAAAAAAAAAAAC2JpYnRleC1wZGZzAAAQAAgAANHHp0UAAAARAAgAANPx0TgAAAABABgBI3rOAbOBuwGx42sB1h8cAAa62wAGaA0AAgBpQW1hYzpVc2VyczoAQWJ1RGF2aWQ6AE9uZURyaXZlIC0gcG9zdC5iZ3UuYWMuaWw6AHNjaG9vbDoAYmlibGlvZ3JhcGh5OgBiaWJ0ZXgtcGRmczoAZGF0YXZpc3VhbGl6YXRpb24ucGRmAAAOACwAFQBkAGEAdABhAHYAaQBzAHUAYQBsAGkAegBhAHQAaQBvAG4ALgBwAGQAZgAPAAoABABBAG0AYQBjABIAXlVzZXJzL0FidURhdmlkL09uZURyaXZlIC0gcG9zdC5iZ3UuYWMuaWwvc2Nob29sL2JpYmxpb2dyYXBoeS9iaWJ0ZXgtcGRmcy9kYXRhdmlzdWFsaXphdGlvbi5wZGYAEwABLwAAFQACAA///wAAgAbSGxwdHlokY2xhc3NuYW1lWCRjbGFzc2VzXU5TTXV0YWJsZURhdGGjHR8gVk5TRGF0YVhOU09iamVjdNIbHCIjXE5TRGljdGlvbmFyeaIiIF8QD05TS2V5ZWRBcmNoaXZlctEmJ1Ryb290gAEACAARABoAIwAtADIANwBAAEYATQBVAGAAZwBqAGwAbgBxAHMAdQB3AIQAjgCyALcAvwK7Ar0CwgLNAtYC5ALoAu8C+AL9AwoDDQMfAyIDJwAAAAAAAAIBAAAAAAAAACgAAAAAAAAAAAAAAAAAAAMp}}

@book{horton2015b,
	Author = {Nicholas J. Horton, Ken Kleinman},
	Date-Added = {2016-09-03 19:11:43 +0000},
	Date-Modified = {2016-09-03 19:12:20 +0000},
	Edition = {2},
	Isbn = {1482237369,9781482237368},
	Publisher = {Chapman and Hall/CRC},
	Title = {Using R and RStudio for Data Management, Statistical Analysis and Graphics},
	Url = {http://gen.lib.rus.ec/book/index.php?md5=DEC4B44637E276070F25C2259785FD37},
	Year = {2015},
	Bdsk-File-1 = {YnBsaXN0MDDUAQIDBAUGJCVYJHZlcnNpb25YJG9iamVjdHNZJGFyY2hpdmVyVCR0b3ASAAGGoKgHCBMUFRYaIVUkbnVsbNMJCgsMDxJXTlMua2V5c1pOUy5vYmplY3RzViRjbGFzc6INDoACgAOiEBGABIAFgAdccmVsYXRpdmVQYXRoWWFsaWFzRGF0YV8QG2JpYnRleC1wZGZzL2Jvb2sxMzE2MzM5LnBkZtIXCxgZV05TLmRhdGFPEQHgAAAAAAHgAAIAAARBbWFjAAAAAAAAAAAAAAAAAAAAAAAAAAAAAADRx9F1SCsAAAEjes4PYm9vazEzMTYzMzkucGRmAAAAAAAAAAAAAAAAAAAAAAAAAAAAAAAAAAAAAAAAAAAAAAAAAAAAAAAAAAAAAAAAAwDfq9Pw+w4AAAAAAAAAAAABAAMAAAkgAAAAAAAAAAAAAAAAAAAAC2JpYnRleC1wZGZzAAAQAAgAANHHp0UAAAARAAgAANPw0N4AAAABABgBI3rOAbOBuwGx42sB1h8cAAa62wAGaA0AAgBjQW1hYzpVc2VyczoAQWJ1RGF2aWQ6AE9uZURyaXZlIC0gcG9zdC5iZ3UuYWMuaWw6AHNjaG9vbDoAYmlibGlvZ3JhcGh5OgBiaWJ0ZXgtcGRmczoAYm9vazEzMTYzMzkucGRmAAAOACAADwBiAG8AbwBrADEAMwAxADYAMwAzADkALgBwAGQAZgAPAAoABABBAG0AYQBjABIAWFVzZXJzL0FidURhdmlkL09uZURyaXZlIC0gcG9zdC5iZ3UuYWMuaWwvc2Nob29sL2JpYmxpb2dyYXBoeS9iaWJ0ZXgtcGRmcy9ib29rMTMxNjMzOS5wZGYAEwABLwAAFQACAA///wAAgAbSGxwdHlokY2xhc3NuYW1lWCRjbGFzc2VzXU5TTXV0YWJsZURhdGGjHR8gVk5TRGF0YVhOU09iamVjdNIbHCIjXE5TRGljdGlvbmFyeaIiIF8QD05TS2V5ZWRBcmNoaXZlctEmJ1Ryb290gAEACAARABoAIwAtADIANwBAAEYATQBVAGAAZwBqAGwAbgBxAHMAdQB3AIQAjgCsALEAuQKdAp8CpAKvArgCxgLKAtEC2gLfAuwC7wMBAwQDCQAAAAAAAAIBAAAAAAAAACgAAAAAAAAAAAAAAAAAAAML},
	Bdsk-Url-1 = {http://gen.lib.rus.ec/book/index.php?md5=DEC4B44637E276070F25C2259785FD37}}

@book{cirillo2016,
	Author = {Andrea Cirillo},
	Date-Added = {2016-09-03 19:10:12 +0000},
	Date-Modified = {2016-09-03 19:10:57 +0000},
	Isbn = {978-1-78439-103-4},
	Publisher = {Packt Publishing},
	Title = {RStudio for R Statistical Computing Cookbook: Over 50 practical and useful recipes to help you perform data analysis with R by unleashing every native RStudio feature},
	Url = {http://gen.lib.rus.ec/book/index.php?md5=6C703880C521011A17C3DC4D12976E7C},
	Year = {2016},
	Bdsk-File-1 = {YnBsaXN0MDDUAQIDBAUGJCVYJHZlcnNpb25YJG9iamVjdHNZJGFyY2hpdmVyVCR0b3ASAAGGoKgHCBMUFRYaIVUkbnVsbNMJCgsMDxJXTlMua2V5c1pOUy5vYmplY3RzViRjbGFzc6INDoACgAOiEBGABIAFgAdccmVsYXRpdmVQYXRoWWFsaWFzRGF0YV8QG2JpYnRleC1wZGZzL2Jvb2sxNTI4ODc2LnBkZtIXCxgZV05TLmRhdGFPEQHgAAAAAAHgAAIAAARBbWFjAAAAAAAAAAAAAAAAAAAAAAAAAAAAAADRx9F1SCsAAAEjes4PYm9vazE1Mjg4NzYucGRmAAAAAAAAAAAAAAAAAAAAAAAAAAAAAAAAAAAAAAAAAAAAAAAAAAAAAAAAAAAAAAAAAwDfKNPw+sQAAAAAAAAAAAABAAMAAAkgAAAAAAAAAAAAAAAAAAAAC2JpYnRleC1wZGZzAAAQAAgAANHHp0UAAAARAAgAANPw0JQAAAABABgBI3rOAbOBuwGx42sB1h8cAAa62wAGaA0AAgBjQW1hYzpVc2VyczoAQWJ1RGF2aWQ6AE9uZURyaXZlIC0gcG9zdC5iZ3UuYWMuaWw6AHNjaG9vbDoAYmlibGlvZ3JhcGh5OgBiaWJ0ZXgtcGRmczoAYm9vazE1Mjg4NzYucGRmAAAOACAADwBiAG8AbwBrADEANQAyADgAOAA3ADYALgBwAGQAZgAPAAoABABBAG0AYQBjABIAWFVzZXJzL0FidURhdmlkL09uZURyaXZlIC0gcG9zdC5iZ3UuYWMuaWwvc2Nob29sL2JpYmxpb2dyYXBoeS9iaWJ0ZXgtcGRmcy9ib29rMTUyODg3Ni5wZGYAEwABLwAAFQACAA///wAAgAbSGxwdHlokY2xhc3NuYW1lWCRjbGFzc2VzXU5TTXV0YWJsZURhdGGjHR8gVk5TRGF0YVhOU09iamVjdNIbHCIjXE5TRGljdGlvbmFyeaIiIF8QD05TS2V5ZWRBcmNoaXZlctEmJ1Ryb290gAEACAARABoAIwAtADIANwBAAEYATQBVAGAAZwBqAGwAbgBxAHMAdQB3AIQAjgCsALEAuQKdAp8CpAKvArgCxgLKAtEC2gLfAuwC7wMBAwQDCQAAAAAAAAIBAAAAAAAAACgAAAAAAAAAAAAAAAAAAAML},
	Bdsk-Url-1 = {http://gen.lib.rus.ec/book/index.php?md5=6C703880C521011A17C3DC4D12976E7C}}

@book{gandrud2013,
	Author = {Christopher Gandrud},
	Date-Added = {2016-09-03 19:09:42 +0000},
	Date-Modified = {2016-09-03 19:10:36 +0000},
	Edition = {0},
	Isbn = {1466572841,9781466572843},
	Publisher = {Chapman and Hall/CRC},
	Series = {Chapman & Hall/CRC The R Series},
	Title = {Reproducible Research with R and RStudio},
	Url = {http://gen.lib.rus.ec/book/index.php?md5=12E8AA89DDC764D69FB12CEE00812159},
	Year = {2013},
	Bdsk-File-1 = {YnBsaXN0MDDUAQIDBAUGJCVYJHZlcnNpb25YJG9iamVjdHNZJGFyY2hpdmVyVCR0b3ASAAGGoKgHCBMUFRYaIVUkbnVsbNMJCgsMDxJXTlMua2V5c1pOUy5vYmplY3RzViRjbGFzc6INDoACgAOiEBGABIAFgAdccmVsYXRpdmVQYXRoWWFsaWFzRGF0YV8QG2JpYnRleC1wZGZzL2dhbmRydWQyMDEzLnBkZtIXCxgZV05TLmRhdGFPEQHgAAAAAAHgAAIAAARBbWFjAAAAAAAAAAAAAAAAAAAAAAAAAAAAAADRx9F1SCsAAAEjes4PZ2FuZHJ1ZDIwMTMucGRmAAAAAAAAAAAAAAAAAAAAAAAAAAAAAAAAAAAAAAAAAAAAAAAAAAAAAAAAAAAAAAAAAwDe59Pw+p4AAAAAAAAAAAABAAMAAAkgAAAAAAAAAAAAAAAAAAAAC2JpYnRleC1wZGZzAAAQAAgAANHHp0UAAAARAAgAANPw0G4AAAABABgBI3rOAbOBuwGx42sB1h8cAAa62wAGaA0AAgBjQW1hYzpVc2VyczoAQWJ1RGF2aWQ6AE9uZURyaXZlIC0gcG9zdC5iZ3UuYWMuaWw6AHNjaG9vbDoAYmlibGlvZ3JhcGh5OgBiaWJ0ZXgtcGRmczoAZ2FuZHJ1ZDIwMTMucGRmAAAOACAADwBnAGEAbgBkAHIAdQBkADIAMAAxADMALgBwAGQAZgAPAAoABABBAG0AYQBjABIAWFVzZXJzL0FidURhdmlkL09uZURyaXZlIC0gcG9zdC5iZ3UuYWMuaWwvc2Nob29sL2JpYmxpb2dyYXBoeS9iaWJ0ZXgtcGRmcy9nYW5kcnVkMjAxMy5wZGYAEwABLwAAFQACAA///wAAgAbSGxwdHlokY2xhc3NuYW1lWCRjbGFzc2VzXU5TTXV0YWJsZURhdGGjHR8gVk5TRGF0YVhOU09iamVjdNIbHCIjXE5TRGljdGlvbmFyeaIiIF8QD05TS2V5ZWRBcmNoaXZlctEmJ1Ryb290gAEACAARABoAIwAtADIANwBAAEYATQBVAGAAZwBqAGwAbgBxAHMAdQB3AIQAjgCsALEAuQKdAp8CpAKvArgCxgLKAtEC2gLfAuwC7wMBAwQDCQAAAAAAAAIBAAAAAAAAACgAAAAAAAAAAAAAAAAAAAML},
	Bdsk-Url-1 = {http://gen.lib.rus.ec/book/index.php?md5=12E8AA89DDC764D69FB12CEE00812159}}

@techreport{boxplots,
	Author = {Hadley Wickham and Lisa Stryjewski},
	Date-Added = {2016-09-01 11:23:43 +0000},
	Date-Modified = {2016-09-01 11:24:28 +0000},
	Institution = {had.co.nz},
	Title = {40 years of boxplots},
	Year = {2011},
	Bdsk-File-1 = {YnBsaXN0MDDUAQIDBAUGJCVYJHZlcnNpb25YJG9iamVjdHNZJGFyY2hpdmVyVCR0b3ASAAGGoKgHCBMUFRYaIVUkbnVsbNMJCgsMDxJXTlMua2V5c1pOUy5vYmplY3RzViRjbGFzc6INDoACgAOiEBGABIAFgAdccmVsYXRpdmVQYXRoWWFsaWFzRGF0YV8QGGJpYnRleC1wZGZzL2JveHBsb3RzLnBkZtIXCxgZV05TLmRhdGFPEQHUAAAAAAHUAAIAAARBbWFjAAAAAAAAAAAAAAAAAAAAAAAAAAAAAADRx9F1SCsAAAEjes4MYm94cGxvdHMucGRmAAAAAAAAAAAAAAAAAAAAAAAAAAAAAAAAAAAAAAAAAAAAAAAAAAAAAAAAAAAAAAAAAAAAAvywUtPt6h8AAAAAAAAAAAABAAMAAAkgAAAAAAAAAAAAAAAAAAAAC2JpYnRleC1wZGZzAAAQAAgAANHHp0UAAAARAAgAANPtv+8AAAABABgBI3rOAbOBuwGx42sB1h8cAAa62wAGaA0AAgBgQW1hYzpVc2VyczoAQWJ1RGF2aWQ6AE9uZURyaXZlIC0gcG9zdC5iZ3UuYWMuaWw6AHNjaG9vbDoAYmlibGlvZ3JhcGh5OgBiaWJ0ZXgtcGRmczoAYm94cGxvdHMucGRmAA4AGgAMAGIAbwB4AHAAbABvAHQAcwAuAHAAZABmAA8ACgAEAEEAbQBhAGMAEgBVVXNlcnMvQWJ1RGF2aWQvT25lRHJpdmUgLSBwb3N0LmJndS5hYy5pbC9zY2hvb2wvYmlibGlvZ3JhcGh5L2JpYnRleC1wZGZzL2JveHBsb3RzLnBkZgAAEwABLwAAFQACAA///wAAgAbSGxwdHlokY2xhc3NuYW1lWCRjbGFzc2VzXU5TTXV0YWJsZURhdGGjHR8gVk5TRGF0YVhOU09iamVjdNIbHCIjXE5TRGljdGlvbmFyeaIiIF8QD05TS2V5ZWRBcmNoaXZlctEmJ1Ryb290gAEACAARABoAIwAtADIANwBAAEYATQBVAGAAZwBqAGwAbgBxAHMAdQB3AIQAjgCpAK4AtgKOApAClQKgAqkCtwK7AsICywLQAt0C4ALyAvUC+gAAAAAAAAIBAAAAAAAAACgAAAAAAAAAAAAAAAAAAAL8}}

@book{bickel2007,
	Author = {Robert Bickel},
	Date-Added = {2016-08-30 06:30:27 +0000},
	Date-Modified = {2016-08-30 06:30:47 +0000},
	Edition = {1},
	Isbn = {9781593851910,159385191X},
	Publisher = {The Guilford Press},
	Series = {Methodology In The Social Sciences},
	Title = {Multilevel Analysis for Applied Research: It's Just Regression!},
	Url = {http://gen.lib.rus.ec/book/index.php?md5=20107308851756423B978A6666CBD717},
	Year = {2007},
	Bdsk-File-1 = {YnBsaXN0MDDUAQIDBAUGJCVYJHZlcnNpb25YJG9iamVjdHNZJGFyY2hpdmVyVCR0b3ASAAGGoKgHCBMUFRYaIVUkbnVsbNMJCgsMDxJXTlMua2V5c1pOUy5vYmplY3RzViRjbGFzc6INDoACgAOiEBGABIAFgAdccmVsYXRpdmVQYXRoWWFsaWFzRGF0YV8QGmJpYnRleC1wZGZzL2JpY2tlbDIwMDcucGRm0hcLGBlXTlMuZGF0YU8RAdwAAAAAAdwAAgAABEFtYWMAAAAAAAAAAAAAAAAAAAAAAAAAAAAAANHH0XVIKwAAASN6zg5iaWNrZWwyMDA3LnBkZgAAAAAAAAAAAAAAAAAAAAAAAAAAAAAAAAAAAAAAAAAAAAAAAAAAAAAAAAAAAAAAAAAC98f20+sCwAAAAAAAAAAAAAEAAwAACSAAAAAAAAAAAAAAAAAAAAALYmlidGV4LXBkZnMAABAACAAA0cenRQAAABEACAAA0+rYkAAAAAEAGAEjes4Bs4G7AbHjawHWHxwABrrbAAZoDQACAGJBbWFjOlVzZXJzOgBBYnVEYXZpZDoAT25lRHJpdmUgLSBwb3N0LmJndS5hYy5pbDoAc2Nob29sOgBiaWJsaW9ncmFwaHk6AGJpYnRleC1wZGZzOgBiaWNrZWwyMDA3LnBkZgAOAB4ADgBiAGkAYwBrAGUAbAAyADAAMAA3AC4AcABkAGYADwAKAAQAQQBtAGEAYwASAFdVc2Vycy9BYnVEYXZpZC9PbmVEcml2ZSAtIHBvc3QuYmd1LmFjLmlsL3NjaG9vbC9iaWJsaW9ncmFwaHkvYmlidGV4LXBkZnMvYmlja2VsMjAwNy5wZGYAABMAAS8AABUAAgAP//8AAIAG0hscHR5aJGNsYXNzbmFtZVgkY2xhc3Nlc11OU011dGFibGVEYXRhox0fIFZOU0RhdGFYTlNPYmplY3TSGxwiI1xOU0RpY3Rpb25hcnmiIiBfEA9OU0tleWVkQXJjaGl2ZXLRJidUcm9vdIABAAgAEQAaACMALQAyADcAQABGAE0AVQBgAGcAagBsAG4AcQBzAHUAdwCEAI4AqwCwALgCmAKaAp8CqgKzAsECxQLMAtUC2gLnAuoC/AL/AwQAAAAAAAACAQAAAAAAAAAoAAAAAAAAAAAAAAAAAAADBg==},
	Bdsk-Url-1 = {http://gen.lib.rus.ec/book/index.php?md5=20107308851756423B978A6666CBD717}}

@book{menard2001,
	Author = {Dr. Scott Menard},
	Date-Added = {2016-08-30 06:25:42 +0000},
	Date-Modified = {2016-08-30 06:25:50 +0000},
	Edition = {2nd},
	Isbn = {0761922083,9780761922087},
	Publisher = {Sage Publications, Inc},
	Title = {Applied Logistic Regression Analysis (Quantitative Applications in the Social Sciences) (v. 106)},
	Url = {http://gen.lib.rus.ec/book/index.php?md5=2BDD25F639F9079531D6F53EB6722DF8},
	Year = {2001},
	Bdsk-File-1 = {YnBsaXN0MDDUAQIDBAUGJCVYJHZlcnNpb25YJG9iamVjdHNZJGFyY2hpdmVyVCR0b3ASAAGGoKgHCBMUFRYaIVUkbnVsbNMJCgsMDxJXTlMua2V5c1pOUy5vYmplY3RzViRjbGFzc6INDoACgAOiEBGABIAFgAdccmVsYXRpdmVQYXRoWWFsaWFzRGF0YV8QGmJpYnRleC1wZGZzL21lbmFyZDIwMDEucGRm0hcLGBlXTlMuZGF0YU8RAdwAAAAAAdwAAgAABEFtYWMAAAAAAAAAAAAAAAAAAAAAAAAAAAAAANHH0XVIKwAAASN6zg5tZW5hcmQyMDAxLnBkZgAAAAAAAAAAAAAAAAAAAAAAAAAAAAAAAAAAAAAAAAAAAAAAAAAAAAAAAAAAAAAAAAAC98T90+sBgAAAAAAAAAAAAAEAAwAACSAAAAAAAAAAAAAAAAAAAAALYmlidGV4LXBkZnMAABAACAAA0cenRQAAABEACAAA0+rXUAAAAAEAGAEjes4Bs4G7AbHjawHWHxwABrrbAAZoDQACAGJBbWFjOlVzZXJzOgBBYnVEYXZpZDoAT25lRHJpdmUgLSBwb3N0LmJndS5hYy5pbDoAc2Nob29sOgBiaWJsaW9ncmFwaHk6AGJpYnRleC1wZGZzOgBtZW5hcmQyMDAxLnBkZgAOAB4ADgBtAGUAbgBhAHIAZAAyADAAMAAxAC4AcABkAGYADwAKAAQAQQBtAGEAYwASAFdVc2Vycy9BYnVEYXZpZC9PbmVEcml2ZSAtIHBvc3QuYmd1LmFjLmlsL3NjaG9vbC9iaWJsaW9ncmFwaHkvYmlidGV4LXBkZnMvbWVuYXJkMjAwMS5wZGYAABMAAS8AABUAAgAP//8AAIAG0hscHR5aJGNsYXNzbmFtZVgkY2xhc3Nlc11OU011dGFibGVEYXRhox0fIFZOU0RhdGFYTlNPYmplY3TSGxwiI1xOU0RpY3Rpb25hcnmiIiBfEA9OU0tleWVkQXJjaGl2ZXLRJidUcm9vdIABAAgAEQAaACMALQAyADcAQABGAE0AVQBgAGcAagBsAG4AcQBzAHUAdwCEAI4AqwCwALgCmAKaAp8CqgKzAsECxQLMAtUC2gLnAuoC/AL/AwQAAAAAAAACAQAAAAAAAAAoAAAAAAAAAAAAAAAAAAADBg==},
	Bdsk-Url-1 = {http://gen.lib.rus.ec/book/index.php?md5=2BDD25F639F9079531D6F53EB6722DF8}}

@book{bilder2013,
	Author = {Christopher R Bilder; Thomas M Loughin},
	Date-Added = {2016-08-29 07:48:05 +0000},
	Date-Modified = {2016-08-29 07:50:34 +0000},
	Isbn = {9781439855676,1439855676},
	Publisher = {CRC Press Taylor & Francis Group},
	Series = {Texts in statistical science},
	Title = {Analysis of categorical data with R},
	Url = {http://gen.lib.rus.ec/book/index.php?md5=B912F1B23CCC20C9A20F9BA2915CB012},
	Year = {2013},
	Bdsk-File-1 = {YnBsaXN0MDDUAQIDBAUGJCVYJHZlcnNpb25YJG9iamVjdHNZJGFyY2hpdmVyVCR0b3ASAAGGoKgHCBMUFRYaIVUkbnVsbNMJCgsMDxJXTlMua2V5c1pOUy5vYmplY3RzViRjbGFzc6INDoACgAOiEBGABIAFgAdccmVsYXRpdmVQYXRoWWFsaWFzRGF0YV8QGmJpYnRleC1wZGZzL2JpbGRlcjIwMTMucGRm0hcLGBlXTlMuZGF0YU8RAdwAAAAAAdwAAgAABEFtYWMAAAAAAAAAAAAAAAAAAAAAAAAAAAAAANHH0XVIKwAAASN6zg5iaWxkZXIyMDEzLnBkZgAAAAAAAAAAAAAAAAAAAAAAAAAAAAAAAAAAAAAAAAAAAAAAAAAAAAAAAAAAAAAAAAAC9i3F0+nC7QAAAAAAAAAAAAEAAwAACSAAAAAAAAAAAAAAAAAAAAALYmlidGV4LXBkZnMAABAACAAA0cenRQAAABEACAAA0+mYvQAAAAEAGAEjes4Bs4G7AbHjawHWHxwABrrbAAZoDQACAGJBbWFjOlVzZXJzOgBBYnVEYXZpZDoAT25lRHJpdmUgLSBwb3N0LmJndS5hYy5pbDoAc2Nob29sOgBiaWJsaW9ncmFwaHk6AGJpYnRleC1wZGZzOgBiaWxkZXIyMDEzLnBkZgAOAB4ADgBiAGkAbABkAGUAcgAyADAAMQAzAC4AcABkAGYADwAKAAQAQQBtAGEAYwASAFdVc2Vycy9BYnVEYXZpZC9PbmVEcml2ZSAtIHBvc3QuYmd1LmFjLmlsL3NjaG9vbC9iaWJsaW9ncmFwaHkvYmlidGV4LXBkZnMvYmlsZGVyMjAxMy5wZGYAABMAAS8AABUAAgAP//8AAIAG0hscHR5aJGNsYXNzbmFtZVgkY2xhc3Nlc11OU011dGFibGVEYXRhox0fIFZOU0RhdGFYTlNPYmplY3TSGxwiI1xOU0RpY3Rpb25hcnmiIiBfEA9OU0tleWVkQXJjaGl2ZXLRJidUcm9vdIABAAgAEQAaACMALQAyADcAQABGAE0AVQBgAGcAagBsAG4AcQBzAHUAdwCEAI4AqwCwALgCmAKaAp8CqgKzAsECxQLMAtUC2gLnAuoC/AL/AwQAAAAAAAACAQAAAAAAAAAoAAAAAAAAAAAAAAAAAAADBg==},
	Bdsk-Url-1 = {http://gen.lib.rus.ec/book/index.php?md5=B912F1B23CCC20C9A20F9BA2915CB012}}

@book{fischetti2015,
	Author = {Tony Fischetti},
	Date-Added = {2016-08-29 07:47:43 +0000},
	Date-Modified = {2016-08-29 07:52:06 +0000},
	Isbn = {978-1-78528-814-2},
	Publisher = {Packt Publishing},
	Title = {Data Analysis with R: Load, wrangle, and analyze your data using the world's most powerful statistical programming language},
	Url = {http://gen.lib.rus.ec/book/index.php?md5=FF8D9E8FD5C40C4474F69A2D82329539},
	Year = {2015},
	Bdsk-File-1 = {YnBsaXN0MDDUAQIDBAUGJCVYJHZlcnNpb25YJG9iamVjdHNZJGFyY2hpdmVyVCR0b3ASAAGGoKgHCBMUFRYaIVUkbnVsbNMJCgsMDxJXTlMua2V5c1pOUy5vYmplY3RzViRjbGFzc6INDoACgAOiEBGABIAFgAdccmVsYXRpdmVQYXRoWWFsaWFzRGF0YV8QG2JpYnRleC1wZGZzL2Jvb2sxNTI1NTYxLnBkZtIXCxgZV05TLmRhdGFPEQHgAAAAAAHgAAIAAARBbWFjAAAAAAAAAAAAAAAAAAAAAAAAAAAAAADRx9F1SCsAAAEjes4PYm9vazE1MjU1NjEucGRmAAAAAAAAAAAAAAAAAAAAAAAAAAAAAAAAAAAAAAAAAAAAAAAAAAAAAAAAAAAAAAAAAvYt49PpwvEAAAAAAAAAAAABAAMAAAkgAAAAAAAAAAAAAAAAAAAAC2JpYnRleC1wZGZzAAAQAAgAANHHp0UAAAARAAgAANPpmMEAAAABABgBI3rOAbOBuwGx42sB1h8cAAa62wAGaA0AAgBjQW1hYzpVc2VyczoAQWJ1RGF2aWQ6AE9uZURyaXZlIC0gcG9zdC5iZ3UuYWMuaWw6AHNjaG9vbDoAYmlibGlvZ3JhcGh5OgBiaWJ0ZXgtcGRmczoAYm9vazE1MjU1NjEucGRmAAAOACAADwBiAG8AbwBrADEANQAyADUANQA2ADEALgBwAGQAZgAPAAoABABBAG0AYQBjABIAWFVzZXJzL0FidURhdmlkL09uZURyaXZlIC0gcG9zdC5iZ3UuYWMuaWwvc2Nob29sL2JpYmxpb2dyYXBoeS9iaWJ0ZXgtcGRmcy9ib29rMTUyNTU2MS5wZGYAEwABLwAAFQACAA///wAAgAbSGxwdHlokY2xhc3NuYW1lWCRjbGFzc2VzXU5TTXV0YWJsZURhdGGjHR8gVk5TRGF0YVhOU09iamVjdNIbHCIjXE5TRGljdGlvbmFyeaIiIF8QD05TS2V5ZWRBcmNoaXZlctEmJ1Ryb290gAEACAARABoAIwAtADIANwBAAEYATQBVAGAAZwBqAGwAbgBxAHMAdQB3AIQAjgCsALEAuQKdAp8CpAKvArgCxgLKAtEC2gLfAuwC7wMBAwQDCQAAAAAAAAIBAAAAAAAAACgAAAAAAAAAAAAAAAAAAAML},
	Bdsk-Url-1 = {http://gen.lib.rus.ec/book/index.php?md5=FF8D9E8FD5C40C4474F69A2D82329539}}

@book{keen2010,
	Author = {Keen, K. J},
	Date-Added = {2016-08-29 07:47:34 +0000},
	Date-Modified = {2016-08-29 07:52:40 +0000},
	Isbn = {9781584880875,1584880872,978-1-4200-1005-3},
	Publisher = {Chapman & Hall/CRC},
	Series = {Texts in statistical science},
	Title = {Graphics for statistics and data analysis with R},
	Url = {http://gen.lib.rus.ec/book/index.php?md5=8B819778FD15B4E31D96E9902FB6A0DE},
	Year = {2010},
	Bdsk-File-1 = {YnBsaXN0MDDUAQIDBAUGJCVYJHZlcnNpb25YJG9iamVjdHNZJGFyY2hpdmVyVCR0b3ASAAGGoKgHCBMUFRYaIVUkbnVsbNMJCgsMDxJXTlMua2V5c1pOUy5vYmplY3RzViRjbGFzc6INDoACgAOiEBGABIAFgAdccmVsYXRpdmVQYXRoWWFsaWFzRGF0YV8QG2JpYnRleC1wZGZzL2Jvb2sxMzc4OTQ1LnBkZtIXCxgZV05TLmRhdGFPEQHgAAAAAAHgAAIAAARBbWFjAAAAAAAAAAAAAAAAAAAAAAAAAAAAAADRx9F1SCsAAAEjes4PYm9vazEzNzg5NDUucGRmAAAAAAAAAAAAAAAAAAAAAAAAAAAAAAAAAAAAAAAAAAAAAAAAAAAAAAAAAAAAAAAAAvYuCNPpwvUAAAAAAAAAAAABAAMAAAkgAAAAAAAAAAAAAAAAAAAAC2JpYnRleC1wZGZzAAAQAAgAANHHp0UAAAARAAgAANPpmMUAAAABABgBI3rOAbOBuwGx42sB1h8cAAa62wAGaA0AAgBjQW1hYzpVc2VyczoAQWJ1RGF2aWQ6AE9uZURyaXZlIC0gcG9zdC5iZ3UuYWMuaWw6AHNjaG9vbDoAYmlibGlvZ3JhcGh5OgBiaWJ0ZXgtcGRmczoAYm9vazEzNzg5NDUucGRmAAAOACAADwBiAG8AbwBrADEAMwA3ADgAOQA0ADUALgBwAGQAZgAPAAoABABBAG0AYQBjABIAWFVzZXJzL0FidURhdmlkL09uZURyaXZlIC0gcG9zdC5iZ3UuYWMuaWwvc2Nob29sL2JpYmxpb2dyYXBoeS9iaWJ0ZXgtcGRmcy9ib29rMTM3ODk0NS5wZGYAEwABLwAAFQACAA///wAAgAbSGxwdHlokY2xhc3NuYW1lWCRjbGFzc2VzXU5TTXV0YWJsZURhdGGjHR8gVk5TRGF0YVhOU09iamVjdNIbHCIjXE5TRGljdGlvbmFyeaIiIF8QD05TS2V5ZWRBcmNoaXZlctEmJ1Ryb290gAEACAARABoAIwAtADIANwBAAEYATQBVAGAAZwBqAGwAbgBxAHMAdQB3AIQAjgCsALEAuQKdAp8CpAKvArgCxgLKAtEC2gLfAuwC7wMBAwQDCQAAAAAAAAIBAAAAAAAAACgAAAAAAAAAAAAAAAAAAAML},
	Bdsk-Url-1 = {http://gen.lib.rus.ec/book/index.php?md5=8B819778FD15B4E31D96E9902FB6A0DE}}

@book{heiberger2015,
	Author = {Richard M. Heiberger, Burt Holland},
	Date-Added = {2016-08-29 07:47:13 +0000},
	Date-Modified = {2016-08-29 07:53:29 +0000},
	Edition = {2nd ed. 2015},
	Isbn = {1493921215,9781493921218},
	Publisher = {Springer},
	Series = {Springer Texts in Statistics},
	Title = {Statistical Analysis and Data Display: An Intermediate Course with Examples in R},
	Url = {http://gen.lib.rus.ec/book/index.php?md5=346C792E2A6F6DD373BB6762473C608B},
	Year = {2015},
	Bdsk-File-1 = {YnBsaXN0MDDUAQIDBAUGJCVYJHZlcnNpb25YJG9iamVjdHNZJGFyY2hpdmVyVCR0b3ASAAGGoKgHCBMUFRYaIVUkbnVsbNMJCgsMDxJXTlMua2V5c1pOUy5vYmplY3RzViRjbGFzc6INDoACgAOiEBGABIAFgAdccmVsYXRpdmVQYXRoWWFsaWFzRGF0YV8QHWJpYnRleC1wZGZzL2hlaWJlcmdlcjIwMTUucGRm0hcLGBlXTlMuZGF0YU8RAegAAAAAAegAAgAABEFtYWMAAAAAAAAAAAAAAAAAAAAAAAAAAAAAANHH0XVIKwAAASN6zhFoZWliZXJnZXIyMDE1LnBkZgAAAAAAAAAAAAAAAAAAAAAAAAAAAAAAAAAAAAAAAAAAAAAAAAAAAAAAAAAAAAAC9i8I0+nDogAAAAAAAAAAAAEAAwAACSAAAAAAAAAAAAAAAAAAAAALYmlidGV4LXBkZnMAABAACAAA0cenRQAAABEACAAA0+mZcgAAAAEAGAEjes4Bs4G7AbHjawHWHxwABrrbAAZoDQACAGVBbWFjOlVzZXJzOgBBYnVEYXZpZDoAT25lRHJpdmUgLSBwb3N0LmJndS5hYy5pbDoAc2Nob29sOgBiaWJsaW9ncmFwaHk6AGJpYnRleC1wZGZzOgBoZWliZXJnZXIyMDE1LnBkZgAADgAkABEAaABlAGkAYgBlAHIAZwBlAHIAMgAwADEANQAuAHAAZABmAA8ACgAEAEEAbQBhAGMAEgBaVXNlcnMvQWJ1RGF2aWQvT25lRHJpdmUgLSBwb3N0LmJndS5hYy5pbC9zY2hvb2wvYmlibGlvZ3JhcGh5L2JpYnRleC1wZGZzL2hlaWJlcmdlcjIwMTUucGRmABMAAS8AABUAAgAP//8AAIAG0hscHR5aJGNsYXNzbmFtZVgkY2xhc3Nlc11OU011dGFibGVEYXRhox0fIFZOU0RhdGFYTlNPYmplY3TSGxwiI1xOU0RpY3Rpb25hcnmiIiBfEA9OU0tleWVkQXJjaGl2ZXLRJidUcm9vdIABAAgAEQAaACMALQAyADcAQABGAE0AVQBgAGcAagBsAG4AcQBzAHUAdwCEAI4ArgCzALsCpwKpAq4CuQLCAtAC1ALbAuQC6QL2AvkDCwMOAxMAAAAAAAACAQAAAAAAAAAoAAAAAAAAAAAAAAAAAAADFQ==},
	Bdsk-Url-1 = {http://gen.lib.rus.ec/book/index.php?md5=346C792E2A6F6DD373BB6762473C608B}}

@book{Barski2010,
	Author = {Conrad Barski},
	Date-Added = {2016-08-10 11:01:47 +0000},
	Date-Modified = {2016-08-10 11:01:55 +0000},
	Edition = {1},
	Isbn = {1593272812,9781593272814},
	Publisher = {No Starch Press},
	Title = {Land of Lisp: Learn to Program in Lisp, One Game at a Time!},
	Url = {http://gen.lib.rus.ec/book/index.php?md5=D9634D95514062DF53CC018BB7F732FF},
	Year = {2010},
	Bdsk-Url-1 = {http://gen.lib.rus.ec/book/index.php?md5=D9634D95514062DF53CC018BB7F732FF}}

@book{peterson2015,
	Author = {Mickey Petersen},
	Date-Added = {2016-08-10 10:33:35 +0000},
	Date-Modified = {2016-08-10 10:33:46 +0000},
	Title = {Mastering Emacs},
	Url = {http://gen.lib.rus.ec/book/index.php?md5=C5B3BC8BC4FB29DD916B4CDC34967ACE},
	Year = {2015},
	Bdsk-File-1 = {YnBsaXN0MDDUAQIDBAUGJCVYJHZlcnNpb25YJG9iamVjdHNZJGFyY2hpdmVyVCR0b3ASAAGGoKgHCBMUFRYaIVUkbnVsbNMJCgsMDxJXTlMua2V5c1pOUy5vYmplY3RzViRjbGFzc6INDoACgAOiEBGABIAFgAdccmVsYXRpdmVQYXRoWWFsaWFzRGF0YV8QHGJpYnRleC1wZGZzL3BldGVyc29uMjAxNS5wZGbSFwsYGVdOUy5kYXRhTxEB5AAAAAAB5AACAAAEQW1hYwAAAAAAAAAAAAAAAAAAAAAAAAAAAAAA0cfRdUgrAAABI3rOEHBldGVyc29uMjAxNS5wZGYAAAAAAAAAAAAAAAAAAAAAAAAAAAAAAAAAAAAAAAAAAAAAAAAAAAAAAAAAAAAAAAK8S3zT0NxTAAAAAAAAAAAAAQADAAAJIAAAAAAAAAAAAAAAAAAAAAtiaWJ0ZXgtcGRmcwAAEAAIAADRx6dFAAAAEQAIAADT0LIjAAAAAQAYASN6zgGzgbsBseNrAdYfHAAGutsABmgNAAIAZEFtYWM6VXNlcnM6AEFidURhdmlkOgBPbmVEcml2ZSAtIHBvc3QuYmd1LmFjLmlsOgBzY2hvb2w6AGJpYmxpb2dyYXBoeToAYmlidGV4LXBkZnM6AHBldGVyc29uMjAxNS5wZGYADgAiABAAcABlAHQAZQByAHMAbwBuADIAMAAxADUALgBwAGQAZgAPAAoABABBAG0AYQBjABIAWVVzZXJzL0FidURhdmlkL09uZURyaXZlIC0gcG9zdC5iZ3UuYWMuaWwvc2Nob29sL2JpYmxpb2dyYXBoeS9iaWJ0ZXgtcGRmcy9wZXRlcnNvbjIwMTUucGRmAAATAAEvAAAVAAIAD///AACABtIbHB0eWiRjbGFzc25hbWVYJGNsYXNzZXNdTlNNdXRhYmxlRGF0YaMdHyBWTlNEYXRhWE5TT2JqZWN00hscIiNcTlNEaWN0aW9uYXJ5oiIgXxAPTlNLZXllZEFyY2hpdmVy0SYnVHJvb3SAAQAIABEAGgAjAC0AMgA3AEAARgBNAFUAYABnAGoAbABuAHEAcwB1AHcAhACOAK0AsgC6AqICpAKpArQCvQLLAs8C1gLfAuQC8QL0AwYDCQMOAAAAAAAAAgEAAAAAAAAAKAAAAAAAAAAAAAAAAAAAAxA=},
	Bdsk-Url-1 = {http://gen.lib.rus.ec/book/index.php?md5=C5B3BC8BC4FB29DD916B4CDC34967ACE}}

@book{lillis2014,
	Author = {Lillis},
	Date-Added = {2016-07-27 08:32:25 +0000},
	Date-Modified = {2016-07-27 08:32:46 +0000},
	Title = {R Graph Essentials},
	Year = {2014}}

@techreport{raman2000,
	Author = {Raman, Vijayshankar; Hellerstein, Joseph M.},
	Date-Added = {2016-07-26 13:17:01 +0000},
	Date-Modified = {2016-07-26 13:18:41 +0000},
	Institution = {U.C. Berkeley},
	Keywords = {cleaning, data, tidy, tidydata, visual},
	Number = {UCB/CSD-0-1110},
	Title = {An Interactive Framework for Data Cleaning},
	Type = {EECS},
	Year = {2000},
	Bdsk-File-1 = {YnBsaXN0MDDUAQIDBAUGJCVYJHZlcnNpb25YJG9iamVjdHNZJGFyY2hpdmVyVCR0b3ASAAGGoKgHCBMUFRYaIVUkbnVsbNMJCgsMDxJXTlMua2V5c1pOUy5vYmplY3RzViRjbGFzc6INDoACgAOiEBGABIAFgAdccmVsYXRpdmVQYXRoWWFsaWFzRGF0YV8QGWJpYnRleC1wZGZzL3JhbWFuMjAwMC5wZGbSFwsYGVdOUy5kYXRhTxEB2AAAAAAB2AACAAAEQW1hYwAAAAAAAAAAAAAAAAAAAAAAAAAAAAAA0cfRdUgrAAABI3rODXJhbWFuMjAwMC5wZGYAAAAAAAAAAAAAAAAAAAAAAAAAAAAAAAAAAAAAAAAAAAAAAAAAAAAAAAAAAAAAAAAAAAKlYfHTvn0IAAAAAAAAAAAAAQADAAAJIAAAAAAAAAAAAAAAAAAAAAtiaWJ0ZXgtcGRmcwAAEAAIAADRx6dFAAAAEQAIAADTvlLYAAAAAQAYASN6zgGzgbsBseNrAdYfHAAGutsABmgNAAIAYUFtYWM6VXNlcnM6AEFidURhdmlkOgBPbmVEcml2ZSAtIHBvc3QuYmd1LmFjLmlsOgBzY2hvb2w6AGJpYmxpb2dyYXBoeToAYmlidGV4LXBkZnM6AHJhbWFuMjAwMC5wZGYAAA4AHAANAHIAYQBtAGEAbgAyADAAMAAwAC4AcABkAGYADwAKAAQAQQBtAGEAYwASAFZVc2Vycy9BYnVEYXZpZC9PbmVEcml2ZSAtIHBvc3QuYmd1LmFjLmlsL3NjaG9vbC9iaWJsaW9ncmFwaHkvYmlidGV4LXBkZnMvcmFtYW4yMDAwLnBkZgATAAEvAAAVAAIAD///AACABtIbHB0eWiRjbGFzc25hbWVYJGNsYXNzZXNdTlNNdXRhYmxlRGF0YaMdHyBWTlNEYXRhWE5TT2JqZWN00hscIiNcTlNEaWN0aW9uYXJ5oiIgXxAPTlNLZXllZEFyY2hpdmVy0SYnVHJvb3SAAQAIABEAGgAjAC0AMgA3AEAARgBNAFUAYABnAGoAbABuAHEAcwB1AHcAhACOAKoArwC3ApMClQKaAqUCrgK8AsACxwLQAtUC4gLlAvcC+gL/AAAAAAAAAgEAAAAAAAAAKAAAAAAAAAAAAAAAAAAAAwE=}}

@article{Wickham2011,
	Author = {Hadley Wickham},
	Date-Added = {2016-07-26 13:05:27 +0000},
	Date-Modified = {2016-07-26 13:05:39 +0000},
	Journal = {Journal of Statistical Software},
	Number = {1},
	Pages = {1----29},
	Selected = {TRUE},
	Title = {The split-apply-combine strategy for data analysis},
	Url = {http://www.jstatsoft.org/v40/i01/},
	Volume = {40},
	Year = {2011},
	Bdsk-File-1 = {YnBsaXN0MDDUAQIDBAUGJCVYJHZlcnNpb25YJG9iamVjdHNZJGFyY2hpdmVyVCR0b3ASAAGGoKgHCBMUFRYaIVUkbnVsbNMJCgsMDxJXTlMua2V5c1pOUy5vYmplY3RzViRjbGFzc6INDoACgAOiEBGABIAFgAdccmVsYXRpdmVQYXRoWWFsaWFzRGF0YV8QG2JpYnRleC1wZGZzL1dpY2toYW0yMDExLnBkZtIXCxgZV05TLmRhdGFPEQHgAAAAAAHgAAIAAARBbWFjAAAAAAAAAAAAAAAAAAAAAAAAAAAAAADRx9F1SCsAAAEjes4PV2lja2hhbTIwMTEucGRmAAAAAAAAAAAAAAAAAAAAAAAAAAAAAAAAAAAAAAAAAAAAAAAAAAAAAAAAAAAAAAAAAqVhqtO+fQAAAAAAAAAAAAABAAMAAAkgAAAAAAAAAAAAAAAAAAAAC2JpYnRleC1wZGZzAAAQAAgAANHHp0UAAAARAAgAANO+UtAAAAABABgBI3rOAbOBuwGx42sB1h8cAAa62wAGaA0AAgBjQW1hYzpVc2VyczoAQWJ1RGF2aWQ6AE9uZURyaXZlIC0gcG9zdC5iZ3UuYWMuaWw6AHNjaG9vbDoAYmlibGlvZ3JhcGh5OgBiaWJ0ZXgtcGRmczoAV2lja2hhbTIwMTEucGRmAAAOACAADwBXAGkAYwBrAGgAYQBtADIAMAAxADEALgBwAGQAZgAPAAoABABBAG0AYQBjABIAWFVzZXJzL0FidURhdmlkL09uZURyaXZlIC0gcG9zdC5iZ3UuYWMuaWwvc2Nob29sL2JpYmxpb2dyYXBoeS9iaWJ0ZXgtcGRmcy9XaWNraGFtMjAxMS5wZGYAEwABLwAAFQACAA///wAAgAbSGxwdHlokY2xhc3NuYW1lWCRjbGFzc2VzXU5TTXV0YWJsZURhdGGjHR8gVk5TRGF0YVhOU09iamVjdNIbHCIjXE5TRGljdGlvbmFyeaIiIF8QD05TS2V5ZWRBcmNoaXZlctEmJ1Ryb290gAEACAARABoAIwAtADIANwBAAEYATQBVAGAAZwBqAGwAbgBxAHMAdQB3AIQAjgCsALEAuQKdAp8CpAKvArgCxgLKAtEC2gLfAuwC7wMBAwQDCQAAAAAAAAIBAAAAAAAAACgAAAAAAAAAAAAAAAAAAAML},
	Bdsk-Url-1 = {http://www.jstatsoft.org/v40/i01/},
	Bdsk-Url-2 = {http://vita.had.co.nz/papers/plyr.pdf}}

@article{Wickham2014,
	Author = {Hadley Wickham},
	Date-Added = {2016-07-26 13:01:49 +0000},
	Date-Modified = {2016-07-26 13:02:05 +0000},
	Issue = {10},
	Journal = {The Journal of Statistical Software},
	Selected = {TRUE},
	Title = {Tidy data},
	Url = {http://www.jstatsoft.org/v59/i10/},
	Volume = {59},
	Year = {2014},
	Bdsk-File-1 = {YnBsaXN0MDDUAQIDBAUGJCVYJHZlcnNpb25YJG9iamVjdHNZJGFyY2hpdmVyVCR0b3ASAAGGoKgHCBMUFRYaIVUkbnVsbNMJCgsMDxJXTlMua2V5c1pOUy5vYmplY3RzViRjbGFzc6INDoACgAOiEBGABIAFgAdccmVsYXRpdmVQYXRoWWFsaWFzRGF0YV8QG2JpYnRleC1wZGZzL1dpY2toYW0yMDE0LnBkZtIXCxgZV05TLmRhdGFPEQHgAAAAAAHgAAIAAARBbWFjAAAAAAAAAAAAAAAAAAAAAAAAAAAAAADRx9F1SCsAAAEjes4PV2lja2hhbTIwMTQucGRmAAAAAAAAAAAAAAAAAAAAAAAAAAAAAAAAAAAAAAAAAAAAAAAAAAAAAAAAAAAAAAAAAqVhq9O+fQAAAAAAAAAAAAABAAMAAAkgAAAAAAAAAAAAAAAAAAAAC2JpYnRleC1wZGZzAAAQAAgAANHHp0UAAAARAAgAANO+UtAAAAABABgBI3rOAbOBuwGx42sB1h8cAAa62wAGaA0AAgBjQW1hYzpVc2VyczoAQWJ1RGF2aWQ6AE9uZURyaXZlIC0gcG9zdC5iZ3UuYWMuaWw6AHNjaG9vbDoAYmlibGlvZ3JhcGh5OgBiaWJ0ZXgtcGRmczoAV2lja2hhbTIwMTQucGRmAAAOACAADwBXAGkAYwBrAGgAYQBtADIAMAAxADQALgBwAGQAZgAPAAoABABBAG0AYQBjABIAWFVzZXJzL0FidURhdmlkL09uZURyaXZlIC0gcG9zdC5iZ3UuYWMuaWwvc2Nob29sL2JpYmxpb2dyYXBoeS9iaWJ0ZXgtcGRmcy9XaWNraGFtMjAxNC5wZGYAEwABLwAAFQACAA///wAAgAbSGxwdHlokY2xhc3NuYW1lWCRjbGFzc2VzXU5TTXV0YWJsZURhdGGjHR8gVk5TRGF0YVhOU09iamVjdNIbHCIjXE5TRGljdGlvbmFyeaIiIF8QD05TS2V5ZWRBcmNoaXZlctEmJ1Ryb290gAEACAARABoAIwAtADIANwBAAEYATQBVAGAAZwBqAGwAbgBxAHMAdQB3AIQAjgCsALEAuQKdAp8CpAKvArgCxgLKAtEC2gLfAuwC7wMBAwQDCQAAAAAAAAIBAAAAAAAAACgAAAAAAAAAAAAAAAAAAAML},
	Bdsk-Url-1 = {http://www.jstatsoft.org/v59/i10/}}

@book{chang2013,
	Author = {Winston Chang},
	Date-Added = {2016-07-26 07:02:15 +0000},
	Date-Modified = {2016-09-07 08:09:35 +0000},
	Isbn = {1449316956,9781449316952},
	Keywords = {tidy},
	Publisher = {O'Reilly Media},
	Title = {R Graphics Cookbook},
	Url = {http://gen.lib.rus.ec/book/index.php?md5=AF872B6A1698DAB46004A602063239E8},
	Year = {2013},
	Bdsk-File-1 = {YnBsaXN0MDDUAQIDBAUGJCVYJHZlcnNpb25YJG9iamVjdHNZJGFyY2hpdmVyVCR0b3ASAAGGoKgHCBMUFRYaIVUkbnVsbNMJCgsMDxJXTlMua2V5c1pOUy5vYmplY3RzViRjbGFzc6INDoACgAOiEBGABIAFgAdccmVsYXRpdmVQYXRoWWFsaWFzRGF0YV8QGWJpYnRleC1wZGZzL2NoYW5nMjAxMy5wZGbSFwsYGVdOUy5kYXRhTxEB2AAAAAAB2AACAAAEQW1hYwAAAAAAAAAAAAAAAAAAAAAAAAAAAAAA0cfRdUgrAAABI3rODWNoYW5nMjAxMy5wZGYAAAAAAAAAAAAAAAAAAAAAAAAAAAAAAAAAAAAAAAAAAAAAAAAAAAAAAAAAAAAAAAAAAAKlYdvTvn0FAAAAAAAAAAAAAQADAAAJIAAAAAAAAAAAAAAAAAAAAAtiaWJ0ZXgtcGRmcwAAEAAIAADRx6dFAAAAEQAIAADTvlLVAAAAAQAYASN6zgGzgbsBseNrAdYfHAAGutsABmgNAAIAYUFtYWM6VXNlcnM6AEFidURhdmlkOgBPbmVEcml2ZSAtIHBvc3QuYmd1LmFjLmlsOgBzY2hvb2w6AGJpYmxpb2dyYXBoeToAYmlidGV4LXBkZnM6AGNoYW5nMjAxMy5wZGYAAA4AHAANAGMAaABhAG4AZwAyADAAMQAzAC4AcABkAGYADwAKAAQAQQBtAGEAYwASAFZVc2Vycy9BYnVEYXZpZC9PbmVEcml2ZSAtIHBvc3QuYmd1LmFjLmlsL3NjaG9vbC9iaWJsaW9ncmFwaHkvYmlidGV4LXBkZnMvY2hhbmcyMDEzLnBkZgATAAEvAAAVAAIAD///AACABtIbHB0eWiRjbGFzc25hbWVYJGNsYXNzZXNdTlNNdXRhYmxlRGF0YaMdHyBWTlNEYXRhWE5TT2JqZWN00hscIiNcTlNEaWN0aW9uYXJ5oiIgXxAPTlNLZXllZEFyY2hpdmVy0SYnVHJvb3SAAQAIABEAGgAjAC0AMgA3AEAARgBNAFUAYABnAGoAbABuAHEAcwB1AHcAhACOAKoArwC3ApMClQKaAqUCrgK8AsACxwLQAtUC4gLlAvcC+gL/AAAAAAAAAgEAAAAAAAAAKAAAAAAAAAAAAAAAAAAAAwE=},
	Bdsk-Url-1 = {http://gen.lib.rus.ec/book/index.php?md5=AF872B6A1698DAB46004A602063239E8}}

@book{bivand2013,
	Author = {Roger S. Bivand, Edzer Pebesma, Virgilio G{\'o}mez-Rubio (auth.)},
	Date-Added = {2016-07-21 06:09:34 +0000},
	Date-Modified = {2016-07-21 06:09:47 +0000},
	Edition = {2},
	Isbn = {978-1-4614-7617-7,978-1-4614-7618-4},
	Publisher = {Springer-Verlag New York},
	Series = {Use R! 10},
	Title = {Applied Spatial Data Analysis with R},
	Url = {http://gen.lib.rus.ec/book/index.php?md5=AE027C1EB5D0D3B72C8FAC3897CD3776},
	Year = {2013},
	Bdsk-File-1 = {YnBsaXN0MDDUAQIDBAUGJCVYJHZlcnNpb25YJG9iamVjdHNZJGFyY2hpdmVyVCR0b3ASAAGGoKgHCBMUFRYaIVUkbnVsbNMJCgsMDxJXTlMua2V5c1pOUy5vYmplY3RzViRjbGFzc6INDoACgAOiEBGABIAFgAdccmVsYXRpdmVQYXRoWWFsaWFzRGF0YV8QGmJpYnRleC1wZGZzL2JpdmFuZDIwMTMucGRm0hcLGBlXTlMuZGF0YU8RAdwAAAAAAdwAAgAABEFtYWMAAAAAAAAAAAAAAAAAAAAAAAAAAAAAANHH0XVIKwAAASN6zg5iaXZhbmQyMDEzLnBkZgAAAAAAAAAAAAAAAAAAAAAAAAAAAAAAAAAAAAAAAAAAAAAAAAAAAAAAAAAAAAAAAAACpWHY0759AgAAAAAAAAAAAAEAAwAACSAAAAAAAAAAAAAAAAAAAAALYmlidGV4LXBkZnMAABAACAAA0cenRQAAABEACAAA075S0gAAAAEAGAEjes4Bs4G7AbHjawHWHxwABrrbAAZoDQACAGJBbWFjOlVzZXJzOgBBYnVEYXZpZDoAT25lRHJpdmUgLSBwb3N0LmJndS5hYy5pbDoAc2Nob29sOgBiaWJsaW9ncmFwaHk6AGJpYnRleC1wZGZzOgBiaXZhbmQyMDEzLnBkZgAOAB4ADgBiAGkAdgBhAG4AZAAyADAAMQAzAC4AcABkAGYADwAKAAQAQQBtAGEAYwASAFdVc2Vycy9BYnVEYXZpZC9PbmVEcml2ZSAtIHBvc3QuYmd1LmFjLmlsL3NjaG9vbC9iaWJsaW9ncmFwaHkvYmlidGV4LXBkZnMvYml2YW5kMjAxMy5wZGYAABMAAS8AABUAAgAP//8AAIAG0hscHR5aJGNsYXNzbmFtZVgkY2xhc3Nlc11OU011dGFibGVEYXRhox0fIFZOU0RhdGFYTlNPYmplY3TSGxwiI1xOU0RpY3Rpb25hcnmiIiBfEA9OU0tleWVkQXJjaGl2ZXLRJidUcm9vdIABAAgAEQAaACMALQAyADcAQABGAE0AVQBgAGcAagBsAG4AcQBzAHUAdwCEAI4AqwCwALgCmAKaAp8CqgKzAsECxQLMAtUC2gLnAuoC/AL/AwQAAAAAAAACAQAAAAAAAAAoAAAAAAAAAAAAAAAAAAADBg==},
	Bdsk-Url-1 = {http://gen.lib.rus.ec/book/index.php?md5=AE027C1EB5D0D3B72C8FAC3897CD3776}}

@book{abedin2015,
	Author = {Jaynal Abedin, Kishor Kumar Das},
	Date-Added = {2016-07-21 06:05:23 +0000},
	Date-Modified = {2016-07-21 06:05:44 +0000},
	Edition = {2nd Revised edition},
	Isbn = {1785288814,9781785288814},
	Publisher = {Packt Publishing},
	Title = {Data Manipulation with R},
	Url = {http://gen.lib.rus.ec/book/index.php?md5=099911D748EE55C165700E7B64DD2C2C},
	Year = {2015},
	Bdsk-File-1 = {YnBsaXN0MDDUAQIDBAUGJCVYJHZlcnNpb25YJG9iamVjdHNZJGFyY2hpdmVyVCR0b3ASAAGGoKgHCBMUFRYaIVUkbnVsbNMJCgsMDxJXTlMua2V5c1pOUy5vYmplY3RzViRjbGFzc6INDoACgAOiEBGABIAFgAdccmVsYXRpdmVQYXRoWWFsaWFzRGF0YV8QGmJpYnRleC1wZGZzL2FiZWRpbjIwMTUucGRm0hcLGBlXTlMuZGF0YU8RAdwAAAAAAdwAAgAABEFtYWMAAAAAAAAAAAAAAAAAAAAAAAAAAAAAANHH0XVIKwAAASN6zg5hYmVkaW4yMDE1LnBkZgAAAAAAAAAAAAAAAAAAAAAAAAAAAAAAAAAAAAAAAAAAAAAAAAAAAAAAAAAAAAAAAAACpWHW0759AgAAAAAAAAAAAAEAAwAACSAAAAAAAAAAAAAAAAAAAAALYmlidGV4LXBkZnMAABAACAAA0cenRQAAABEACAAA075S0gAAAAEAGAEjes4Bs4G7AbHjawHWHxwABrrbAAZoDQACAGJBbWFjOlVzZXJzOgBBYnVEYXZpZDoAT25lRHJpdmUgLSBwb3N0LmJndS5hYy5pbDoAc2Nob29sOgBiaWJsaW9ncmFwaHk6AGJpYnRleC1wZGZzOgBhYmVkaW4yMDE1LnBkZgAOAB4ADgBhAGIAZQBkAGkAbgAyADAAMQA1AC4AcABkAGYADwAKAAQAQQBtAGEAYwASAFdVc2Vycy9BYnVEYXZpZC9PbmVEcml2ZSAtIHBvc3QuYmd1LmFjLmlsL3NjaG9vbC9iaWJsaW9ncmFwaHkvYmlidGV4LXBkZnMvYWJlZGluMjAxNS5wZGYAABMAAS8AABUAAgAP//8AAIAG0hscHR5aJGNsYXNzbmFtZVgkY2xhc3Nlc11OU011dGFibGVEYXRhox0fIFZOU0RhdGFYTlNPYmplY3TSGxwiI1xOU0RpY3Rpb25hcnmiIiBfEA9OU0tleWVkQXJjaGl2ZXLRJidUcm9vdIABAAgAEQAaACMALQAyADcAQABGAE0AVQBgAGcAagBsAG4AcQBzAHUAdwCEAI4AqwCwALgCmAKaAp8CqgKzAsECxQLMAtUC2gLnAuoC/AL/AwQAAAAAAAACAQAAAAAAAAAoAAAAAAAAAAAAAAAAAAADBg==},
	Bdsk-Url-1 = {http://gen.lib.rus.ec/book/index.php?md5=099911D748EE55C165700E7B64DD2C2C}}

@book{horton2015,
	Author = {Nicholas J. Horton, Ken Kleinman},
	Date-Added = {2016-07-21 06:04:10 +0000},
	Date-Modified = {2016-07-21 06:04:25 +0000},
	Edition = {2},
	Isbn = {1482237369,9781482237368},
	Publisher = {Chapman and Hall/CRC},
	Title = {Using R and RStudio for Data Management, Statistical Analysis and Graphics},
	Url = {http://gen.lib.rus.ec/book/index.php?md5=DEC4B44637E276070F25C2259785FD37},
	Year = {2015},
	Bdsk-File-1 = {YnBsaXN0MDDUAQIDBAUGJCVYJHZlcnNpb25YJG9iamVjdHNZJGFyY2hpdmVyVCR0b3ASAAGGoKgHCBMUFRYaIVUkbnVsbNMJCgsMDxJXTlMua2V5c1pOUy5vYmplY3RzViRjbGFzc6INDoACgAOiEBGABIAFgAdccmVsYXRpdmVQYXRoWWFsaWFzRGF0YV8QGmJpYnRleC1wZGZzL2hvcnRvbjIwMTUucGRm0hcLGBlXTlMuZGF0YU8RAdwAAAAAAdwAAgAABEFtYWMAAAAAAAAAAAAAAAAAAAAAAAAAAAAAANHH0XVIKwAAASN6zg5ob3J0b24yMDE1LnBkZgAAAAAAAAAAAAAAAAAAAAAAAAAAAAAAAAAAAAAAAAAAAAAAAAAAAAAAAAAAAAAAAAACpWHl0759BwAAAAAAAAAAAAEAAwAACSAAAAAAAAAAAAAAAAAAAAALYmlidGV4LXBkZnMAABAACAAA0cenRQAAABEACAAA075S1wAAAAEAGAEjes4Bs4G7AbHjawHWHxwABrrbAAZoDQACAGJBbWFjOlVzZXJzOgBBYnVEYXZpZDoAT25lRHJpdmUgLSBwb3N0LmJndS5hYy5pbDoAc2Nob29sOgBiaWJsaW9ncmFwaHk6AGJpYnRleC1wZGZzOgBob3J0b24yMDE1LnBkZgAOAB4ADgBoAG8AcgB0AG8AbgAyADAAMQA1AC4AcABkAGYADwAKAAQAQQBtAGEAYwASAFdVc2Vycy9BYnVEYXZpZC9PbmVEcml2ZSAtIHBvc3QuYmd1LmFjLmlsL3NjaG9vbC9iaWJsaW9ncmFwaHkvYmlidGV4LXBkZnMvaG9ydG9uMjAxNS5wZGYAABMAAS8AABUAAgAP//8AAIAG0hscHR5aJGNsYXNzbmFtZVgkY2xhc3Nlc11OU011dGFibGVEYXRhox0fIFZOU0RhdGFYTlNPYmplY3TSGxwiI1xOU0RpY3Rpb25hcnmiIiBfEA9OU0tleWVkQXJjaGl2ZXLRJidUcm9vdIABAAgAEQAaACMALQAyADcAQABGAE0AVQBgAGcAagBsAG4AcQBzAHUAdwCEAI4AqwCwALgCmAKaAp8CqgKzAsECxQLMAtUC2gLnAuoC/AL/AwQAAAAAAAACAQAAAAAAAAAoAAAAAAAAAAAAAAAAAAADBg==},
	Bdsk-Url-1 = {http://gen.lib.rus.ec/book/index.php?md5=DEC4B44637E276070F25C2259785FD37}}

@article{Molnar2013,
	Date-Added = {2016-07-20 06:55:59 +0000},
	Date-Modified = {2016-07-20 06:56:24 +0000},
	Title = {{Recursive partitioning by conditional inference}},
	Bdsk-File-1 = {YnBsaXN0MDDUAQIDBAUGJCVYJHZlcnNpb25YJG9iamVjdHNZJGFyY2hpdmVyVCR0b3ASAAGGoKgHCBMUFRYaIVUkbnVsbNMJCgsMDxJXTlMua2V5c1pOUy5vYmplY3RzViRjbGFzc6INDoACgAOiEBGABIAFgAdccmVsYXRpdmVQYXRoWWFsaWFzRGF0YV8QFmJpYnRleC1wZGZzL01vbG5hcjIwMTPSFwsYGVdOUy5kYXRhTxEBzAAAAAABzAACAAAEQW1hYwAAAAAAAAAAAAAAAAAAAAAAAAAAAAAA0cfRdUgrAAABI3rOCk1vbG5hcjIwMTMAAAAAAAAAAAAAAAAAAAAAAAAAAAAAAAAAAAAAAAAAAAAAAAAAAAAAAAAAAAAAAAAAAAAAAAKlX2rTvnzpAAAAAAAAAAAAAQADAAAJIAAAAAAAAAAAAAAAAAAAAAtiaWJ0ZXgtcGRmcwAAEAAIAADRx6dFAAAAEQAIAADTvlK5AAAAAQAYASN6zgGzgbsBseNrAdYfHAAGutsABmgNAAIAXkFtYWM6VXNlcnM6AEFidURhdmlkOgBPbmVEcml2ZSAtIHBvc3QuYmd1LmFjLmlsOgBzY2hvb2w6AGJpYmxpb2dyYXBoeToAYmlidGV4LXBkZnM6AE1vbG5hcjIwMTMADgAWAAoATQBvAGwAbgBhAHIAMgAwADEAMwAPAAoABABBAG0AYQBjABIAU1VzZXJzL0FidURhdmlkL09uZURyaXZlIC0gcG9zdC5iZ3UuYWMuaWwvc2Nob29sL2JpYmxpb2dyYXBoeS9iaWJ0ZXgtcGRmcy9Nb2xuYXIyMDEzAAATAAEvAAAVAAIAD///AACABtIbHB0eWiRjbGFzc25hbWVYJGNsYXNzZXNdTlNNdXRhYmxlRGF0YaMdHyBWTlNEYXRhWE5TT2JqZWN00hscIiNcTlNEaWN0aW9uYXJ5oiIgXxAPTlNLZXllZEFyY2hpdmVy0SYnVHJvb3SAAQAIABEAGgAjAC0AMgA3AEAARgBNAFUAYABnAGoAbABuAHEAcwB1AHcAhACOAKcArAC0AoQChgKLApYCnwKtArECuALBAsYC0wLWAugC6wLwAAAAAAAAAgEAAAAAAAAAKAAAAAAAAAAAAAAAAAAAAvI=}}

@article{weakliem2016,
	Date-Added = {2016-07-20 06:52:54 +0000},
	Date-Modified = {2016-07-20 06:53:40 +0000},
	Title = {Hypothesis Testing: Criticism and Alternatives},
	Bdsk-File-1 = {YnBsaXN0MDDUAQIDBAUGJCVYJHZlcnNpb25YJG9iamVjdHNZJGFyY2hpdmVyVCR0b3ASAAGGoKgHCBMUFRYaIVUkbnVsbNMJCgsMDxJXTlMua2V5c1pOUy5vYmplY3RzViRjbGFzc6INDoACgAOiEBGABIAFgAdccmVsYXRpdmVQYXRoWWFsaWFzRGF0YV8QGGJpYnRleC1wZGZzL3dlYWtsaWVtMjAxNtIXCxgZV05TLmRhdGFPEQHUAAAAAAHUAAIAAARBbWFjAAAAAAAAAAAAAAAAAAAAAAAAAAAAAADRx9F1SCsAAAEjes4Md2Vha2xpZW0yMDE2AAAAAAAAAAAAAAAAAAAAAAAAAAAAAAAAAAAAAAAAAAAAAAAAAAAAAAAAAAAAAAAAAAAAAqVh9dO+fQkAAAAAAAAAAAABAAMAAAkgAAAAAAAAAAAAAAAAAAAAC2JpYnRleC1wZGZzAAAQAAgAANHHp0UAAAARAAgAANO+UtkAAAABABgBI3rOAbOBuwGx42sB1h8cAAa62wAGaA0AAgBgQW1hYzpVc2VyczoAQWJ1RGF2aWQ6AE9uZURyaXZlIC0gcG9zdC5iZ3UuYWMuaWw6AHNjaG9vbDoAYmlibGlvZ3JhcGh5OgBiaWJ0ZXgtcGRmczoAd2Vha2xpZW0yMDE2AA4AGgAMAHcAZQBhAGsAbABpAGUAbQAyADAAMQA2AA8ACgAEAEEAbQBhAGMAEgBVVXNlcnMvQWJ1RGF2aWQvT25lRHJpdmUgLSBwb3N0LmJndS5hYy5pbC9zY2hvb2wvYmlibGlvZ3JhcGh5L2JpYnRleC1wZGZzL3dlYWtsaWVtMjAxNgAAEwABLwAAFQACAA///wAAgAbSGxwdHlokY2xhc3NuYW1lWCRjbGFzc2VzXU5TTXV0YWJsZURhdGGjHR8gVk5TRGF0YVhOU09iamVjdNIbHCIjXE5TRGljdGlvbmFyeaIiIF8QD05TS2V5ZWRBcmNoaXZlctEmJ1Ryb290gAEACAARABoAIwAtADIANwBAAEYATQBVAGAAZwBqAGwAbgBxAHMAdQB3AIQAjgCpAK4AtgKOApAClQKgAqkCtwK7AsICywLQAt0C4ALyAvUC+gAAAAAAAAIBAAAAAAAAACgAAAAAAAAAAAAAAAAAAAL8}}

@article{strauss1990,
	Author = {A. Strauss and J. Corbin},
	Date-Added = {2016-07-20 06:50:31 +0000},
	Date-Modified = {2016-07-26 07:03:09 +0000},
	Masid = {1361972},
	Title = {{Basics of qualitative research}},
	Year = {1990}}

@article{Nosek1422,
	Author = {Nosek, B. A. and Alter, G. and Banks, G. C. and Borsboom, D. and Bowman, S. D. and Breckler, S. J. and Buck, S. and Chambers, C. D. and Chin, G. and Christensen, G. and Contestabile, M. and Dafoe, A. and Eich, E. and Freese, J. and Glennerster, R. and Goroff, D. and Green, D. P. and Hesse, B. and Humphreys, M. and Ishiyama, J. and Karlan, D. and Kraut, A. and Lupia, A. and Mabry, P. and Madon, T. and Malhotra, N. and Mayo-Wilson, E. and McNutt, M. and Miguel, E. and Paluck, E. Levy and Simonsohn, U. and Soderberg, C. and Spellman, B. A. and Turitto, J. and VandenBos, G. and Vazire, S. and Wagenmakers, E. J. and Wilson, R. and Yarkoni, T.},
	Date-Added = {2016-07-20 06:49:28 +0000},
	Date-Modified = {2016-07-20 06:49:28 +0000},
	Doi = {10.1126/science.aab2374},
	Eprint = {http://science.sciencemag.org/content/348/6242/1422.full.pdf},
	Issn = {0036-8075},
	Journal = {Science},
	Number = {6242},
	Pages = {1422--1425},
	Publisher = {American Association for the Advancement of Science},
	Title = {Promoting an open research culture},
	Url = {http://science.sciencemag.org/content/348/6242/1422},
	Volume = {348},
	Year = {2015},
	Bdsk-Url-1 = {http://science.sciencemag.org/content/348/6242/1422},
	Bdsk-Url-2 = {http://dx.doi.org/10.1126/science.aab2374}}

@article{schulte2012,
	Date-Added = {2016-07-20 06:46:40 +0000},
	Date-Modified = {2016-07-20 06:47:15 +0000},
	Title = {{A Multi-Language Computing Environment for Literate Programming and Reproducible Research}},
	Bdsk-File-1 = {YnBsaXN0MDDUAQIDBAUGJCVYJHZlcnNpb25YJG9iamVjdHNZJGFyY2hpdmVyVCR0b3ASAAGGoKgHCBMUFRYaIVUkbnVsbNMJCgsMDxJXTlMua2V5c1pOUy5vYmplY3RzViRjbGFzc6INDoACgAOiEBGABIAFgAdccmVsYXRpdmVQYXRoWWFsaWFzRGF0YV8QF2JpYnRleC1wZGZzL3NjaHVsdGUyMDEy0hcLGBlXTlMuZGF0YU8RAdAAAAAAAdAAAgAABEFtYWMAAAAAAAAAAAAAAAAAAAAAAAAAAAAAANHH0XVIKwAAASN6zgtzY2h1bHRlMjAxMgAAAAAAAAAAAAAAAAAAAAAAAAAAAAAAAAAAAAAAAAAAAAAAAAAAAAAAAAAAAAAAAAAAAAACpWHy0759CAAAAAAAAAAAAAEAAwAACSAAAAAAAAAAAAAAAAAAAAALYmlidGV4LXBkZnMAABAACAAA0cenRQAAABEACAAA075S2AAAAAEAGAEjes4Bs4G7AbHjawHWHxwABrrbAAZoDQACAF9BbWFjOlVzZXJzOgBBYnVEYXZpZDoAT25lRHJpdmUgLSBwb3N0LmJndS5hYy5pbDoAc2Nob29sOgBiaWJsaW9ncmFwaHk6AGJpYnRleC1wZGZzOgBzY2h1bHRlMjAxMgAADgAYAAsAcwBjAGgAdQBsAHQAZQAyADAAMQAyAA8ACgAEAEEAbQBhAGMAEgBUVXNlcnMvQWJ1RGF2aWQvT25lRHJpdmUgLSBwb3N0LmJndS5hYy5pbC9zY2hvb2wvYmlibGlvZ3JhcGh5L2JpYnRleC1wZGZzL3NjaHVsdGUyMDEyABMAAS8AABUAAgAP//8AAIAG0hscHR5aJGNsYXNzbmFtZVgkY2xhc3Nlc11OU011dGFibGVEYXRhox0fIFZOU0RhdGFYTlNPYmplY3TSGxwiI1xOU0RpY3Rpb25hcnmiIiBfEA9OU0tleWVkQXJjaGl2ZXLRJidUcm9vdIABAAgAEQAaACMALQAyADcAQABGAE0AVQBgAGcAagBsAG4AcQBzAHUAdwCEAI4AqACtALUCiQKLApACmwKkArICtgK9AsYCywLYAtsC7QLwAvUAAAAAAAACAQAAAAAAAAAoAAAAAAAAAAAAAAAAAAAC9w==}}

@book{Fox2002,
	Author = {John Fox},
	Date-Added = {2016-07-20 06:40:40 +0000},
	Date-Modified = {2016-08-01 05:35:16 +0000},
	Publisher = {Sage Publications},
	Title = {An R and S Companion to Applied Regression},
	Year = {2002},
	Bdsk-File-1 = {YnBsaXN0MDDUAQIDBAUGJCVYJHZlcnNpb25YJG9iamVjdHNZJGFyY2hpdmVyVCR0b3ASAAGGoKgHCBMUFRYaIVUkbnVsbNMJCgsMDxJXTlMua2V5c1pOUy5vYmplY3RzViRjbGFzc6INDoACgAOiEBGABIAFgAdccmVsYXRpdmVQYXRoWWFsaWFzRGF0YV8QE2JpYnRleC1wZGZzL0ZveDIwMDLSFwsYGVdOUy5kYXRhTxEBwAAAAAABwAACAAAEQW1hYwAAAAAAAAAAAAAAAAAAAAAAAAAAAAAA0cfRdUgrAAABI3rOB0ZveDIwMDIAAAAAAAAAAAAAAAAAAAAAAAAAAAAAAAAAAAAAAAAAAAAAAAAAAAAAAAAAAAAAAAAAAAAAAAAAAAKlXijTvnzZAAAAAAAAAAAAAQADAAAJIAAAAAAAAAAAAAAAAAAAAAtiaWJ0ZXgtcGRmcwAAEAAIAADRx6dFAAAAEQAIAADTvlKpAAAAAQAYASN6zgGzgbsBseNrAdYfHAAGutsABmgNAAIAW0FtYWM6VXNlcnM6AEFidURhdmlkOgBPbmVEcml2ZSAtIHBvc3QuYmd1LmFjLmlsOgBzY2hvb2w6AGJpYmxpb2dyYXBoeToAYmlidGV4LXBkZnM6AEZveDIwMDIAAA4AEAAHAEYAbwB4ADIAMAAwADIADwAKAAQAQQBtAGEAYwASAFBVc2Vycy9BYnVEYXZpZC9PbmVEcml2ZSAtIHBvc3QuYmd1LmFjLmlsL3NjaG9vbC9iaWJsaW9ncmFwaHkvYmlidGV4LXBkZnMvRm94MjAwMgATAAEvAAAVAAIAD///AACABtIbHB0eWiRjbGFzc25hbWVYJGNsYXNzZXNdTlNNdXRhYmxlRGF0YaMdHyBWTlNEYXRhWE5TT2JqZWN00hscIiNcTlNEaWN0aW9uYXJ5oiIgXxAPTlNLZXllZEFyY2hpdmVy0SYnVHJvb3SAAQAIABEAGgAjAC0AMgA3AEAARgBNAFUAYABnAGoAbABuAHEAcwB1AHcAhACOAKQAqQCxAnUCdwJ8AocCkAKeAqICqQKyArcCxALHAtkC3ALhAAAAAAAAAgEAAAAAAAAAKAAAAAAAAAAAAAAAAAAAAuM=}}

@book{kabacoff2015,
	Author = {Kabacoff},
	Date-Added = {2016-07-20 06:39:53 +0000},
	Date-Modified = {2016-07-20 06:40:24 +0000},
	Title = {R in Action},
	Bdsk-File-1 = {YnBsaXN0MDDUAQIDBAUGJCVYJHZlcnNpb25YJG9iamVjdHNZJGFyY2hpdmVyVCR0b3ASAAGGoKgHCBMUFRYaIVUkbnVsbNMJCgsMDxJXTlMua2V5c1pOUy5vYmplY3RzViRjbGFzc6INDoACgAOiEBGABIAFgAdccmVsYXRpdmVQYXRoWWFsaWFzRGF0YV8QGGJpYnRleC1wZGZzL2thYmFjb2ZmMjAxNdIXCxgZV05TLmRhdGFPEQHUAAAAAAHUAAIAAARBbWFjAAAAAAAAAAAAAAAAAAAAAAAAAAAAAADRx9F1SCsAAAEjes4Ma2FiYWNvZmYyMDE1AAAAAAAAAAAAAAAAAAAAAAAAAAAAAAAAAAAAAAAAAAAAAAAAAAAAAAAAAAAAAAAAAAAAAqVh5tO+fQcAAAAAAAAAAAABAAMAAAkgAAAAAAAAAAAAAAAAAAAAC2JpYnRleC1wZGZzAAAQAAgAANHHp0UAAAARAAgAANO+UtcAAAABABgBI3rOAbOBuwGx42sB1h8cAAa62wAGaA0AAgBgQW1hYzpVc2VyczoAQWJ1RGF2aWQ6AE9uZURyaXZlIC0gcG9zdC5iZ3UuYWMuaWw6AHNjaG9vbDoAYmlibGlvZ3JhcGh5OgBiaWJ0ZXgtcGRmczoAa2FiYWNvZmYyMDE1AA4AGgAMAGsAYQBiAGEAYwBvAGYAZgAyADAAMQA1AA8ACgAEAEEAbQBhAGMAEgBVVXNlcnMvQWJ1RGF2aWQvT25lRHJpdmUgLSBwb3N0LmJndS5hYy5pbC9zY2hvb2wvYmlibGlvZ3JhcGh5L2JpYnRleC1wZGZzL2thYmFjb2ZmMjAxNQAAEwABLwAAFQACAA///wAAgAbSGxwdHlokY2xhc3NuYW1lWCRjbGFzc2VzXU5TTXV0YWJsZURhdGGjHR8gVk5TRGF0YVhOU09iamVjdNIbHCIjXE5TRGljdGlvbmFyeaIiIF8QD05TS2V5ZWRBcmNoaXZlctEmJ1Ryb290gAEACAARABoAIwAtADIANwBAAEYATQBVAGAAZwBqAGwAbgBxAHMAdQB3AIQAjgCpAK4AtgKOApAClQKgAqkCtwK7AsICywLQAt0C4ALyAvUC+gAAAAAAAAIBAAAAAAAAACgAAAAAAAAAAAAAAAAAAAL8}}

@booklet{dataWrangling,
	Date-Added = {2016-07-20 06:34:57 +0000},
	Date-Modified = {2016-09-07 08:09:19 +0000},
	Keywords = {tidy},
	Title = {{Data wrangling Cheat Sheet}},
	Bdsk-File-1 = {YnBsaXN0MDDUAQIDBAUGJCVYJHZlcnNpb25YJG9iamVjdHNZJGFyY2hpdmVyVCR0b3ASAAGGoKgHCBMUFRYaIVUkbnVsbNMJCgsMDxJXTlMua2V5c1pOUy5vYmplY3RzViRjbGFzc6INDoACgAOiEBGABIAFgAdccmVsYXRpdmVQYXRoWWFsaWFzRGF0YV8QGWJpYnRleC1wZGZzL2RhdGFXcmFuZ2xpbmfSFwsYGVdOUy5kYXRhTxEB2AAAAAAB2AACAAAEQW1hYwAAAAAAAAAAAAAAAAAAAAAAAAAAAAAA0cfRdUgrAAABI3rODWRhdGFXcmFuZ2xpbmcAAAAAAAAAAAAAAAAAAAAAAAAAAAAAAAAAAAAAAAAAAAAAAAAAAAAAAAAAAAAAAAAAAAKlYdzTvn0GAAAAAAAAAAAAAQADAAAJIAAAAAAAAAAAAAAAAAAAAAtiaWJ0ZXgtcGRmcwAAEAAIAADRx6dFAAAAEQAIAADTvlLWAAAAAQAYASN6zgGzgbsBseNrAdYfHAAGutsABmgNAAIAYUFtYWM6VXNlcnM6AEFidURhdmlkOgBPbmVEcml2ZSAtIHBvc3QuYmd1LmFjLmlsOgBzY2hvb2w6AGJpYmxpb2dyYXBoeToAYmlidGV4LXBkZnM6AGRhdGFXcmFuZ2xpbmcAAA4AHAANAGQAYQB0AGEAVwByAGEAbgBnAGwAaQBuAGcADwAKAAQAQQBtAGEAYwASAFZVc2Vycy9BYnVEYXZpZC9PbmVEcml2ZSAtIHBvc3QuYmd1LmFjLmlsL3NjaG9vbC9iaWJsaW9ncmFwaHkvYmlidGV4LXBkZnMvZGF0YVdyYW5nbGluZwATAAEvAAAVAAIAD///AACABtIbHB0eWiRjbGFzc25hbWVYJGNsYXNzZXNdTlNNdXRhYmxlRGF0YaMdHyBWTlNEYXRhWE5TT2JqZWN00hscIiNcTlNEaWN0aW9uYXJ5oiIgXxAPTlNLZXllZEFyY2hpdmVy0SYnVHJvb3SAAQAIABEAGgAjAC0AMgA3AEAARgBNAFUAYABnAGoAbABuAHEAcwB1AHcAhACOAKoArwC3ApMClQKaAqUCrgK8AsACxwLQAtUC4gLlAvcC+gL/AAAAAAAAAgEAAAAAAAAAKAAAAAAAAAAAAAAAAAAAAwE=}}

@book{lantz2013,
	Author = {Lantz},
	Date-Added = {2016-07-20 06:34:07 +0000},
	Date-Modified = {2016-07-20 06:34:34 +0000},
	Title = {Machine Learning with R},
	Year = {2013},
	Bdsk-File-1 = {YnBsaXN0MDDUAQIDBAUGJCVYJHZlcnNpb25YJG9iamVjdHNZJGFyY2hpdmVyVCR0b3ASAAGGoKgHCBMUFRYaIVUkbnVsbNMJCgsMDxJXTlMua2V5c1pOUy5vYmplY3RzViRjbGFzc6INDoACgAOiEBGABIAFgAdccmVsYXRpdmVQYXRoWWFsaWFzRGF0YV8QFWJpYnRleC1wZGZzL2xhbnR6MjAxM9IXCxgZV05TLmRhdGFPEQHIAAAAAAHIAAIAAARBbWFjAAAAAAAAAAAAAAAAAAAAAAAAAAAAAADRx9F1SCsAAAEjes4JbGFudHoyMDEzAAAAAAAAAAAAAAAAAAAAAAAAAAAAAAAAAAAAAAAAAAAAAAAAAAAAAAAAAAAAAAAAAAAAAAAAAqVh59O+fQcAAAAAAAAAAAABAAMAAAkgAAAAAAAAAAAAAAAAAAAAC2JpYnRleC1wZGZzAAAQAAgAANHHp0UAAAARAAgAANO+UtcAAAABABgBI3rOAbOBuwGx42sB1h8cAAa62wAGaA0AAgBdQW1hYzpVc2VyczoAQWJ1RGF2aWQ6AE9uZURyaXZlIC0gcG9zdC5iZ3UuYWMuaWw6AHNjaG9vbDoAYmlibGlvZ3JhcGh5OgBiaWJ0ZXgtcGRmczoAbGFudHoyMDEzAAAOABQACQBsAGEAbgB0AHoAMgAwADEAMwAPAAoABABBAG0AYQBjABIAUlVzZXJzL0FidURhdmlkL09uZURyaXZlIC0gcG9zdC5iZ3UuYWMuaWwvc2Nob29sL2JpYmxpb2dyYXBoeS9iaWJ0ZXgtcGRmcy9sYW50ejIwMTMAEwABLwAAFQACAA///wAAgAbSGxwdHlokY2xhc3NuYW1lWCRjbGFzc2VzXU5TTXV0YWJsZURhdGGjHR8gVk5TRGF0YVhOU09iamVjdNIbHCIjXE5TRGljdGlvbmFyeaIiIF8QD05TS2V5ZWRBcmNoaXZlctEmJ1Ryb290gAEACAARABoAIwAtADIANwBAAEYATQBVAGAAZwBqAGwAbgBxAHMAdQB3AIQAjgCmAKsAswJ/AoEChgKRApoCqAKsArMCvALBAs4C0QLjAuYC6wAAAAAAAAIBAAAAAAAAACgAAAAAAAAAAAAAAAAAAALt}}

@book{zumel2014,
	Author = {Zumel, Nina},
	Date-Added = {2016-07-20 06:31:26 +0000},
	Date-Modified = {2016-08-28 18:34:45 +0000},
	Note = {In support of Practical Data Science with R we are providing: Table of contents, and two free example chapters are available from the Manning book page . A public repository of data sets (under a Creative Commons Attribution-NonCommercial 3.0 Unported License where possible). This repository has data, sources, notes, and even some ad-hoc R code used to prepare the data for what later becomes the book examples. Downloadable example code. This repository includes code and data to work every example in the book, and to reproduce almost every machine generated figure. A complete re-run of every example from the book in the form of publicly shared R-markdown. These sheets won't make a lot of sense without the book, but they are machine executable examples of how to run everything. We regularly update these to keep the book examples up to date as referred to libraries change. Want to see raw code and graphs from the book together without downloading anything, this is the place to look (example: all graphs/results from Chapter 3).},
	Title = {Practical Data Science with R},
	Bdsk-File-1 = {YnBsaXN0MDDUAQIDBAUGJCVYJHZlcnNpb25YJG9iamVjdHNZJGFyY2hpdmVyVCR0b3ASAAGGoKgHCBMUFRYaIVUkbnVsbNMJCgsMDxJXTlMua2V5c1pOUy5vYmplY3RzViRjbGFzc6INDoACgAOiEBGABIAFgAdccmVsYXRpdmVQYXRoWWFsaWFzRGF0YV8QGWJpYnRleC1wZGZzL3p1bWVsMjAxNC5wZGbSFwsYGVdOUy5kYXRhTxEB2AAAAAAB2AACAAAEQW1hYwAAAAAAAAAAAAAAAAAAAAAAAAAAAAAA0cfRdUgrAAABI3rODXp1bWVsMjAxNC5wZGYAAAAAAAAAAAAAAAAAAAAAAAAAAAAAAAAAAAAAAAAAAAAAAAAAAAAAAAAAAAAAAAAAAAKlYfbTvn0JAAAAAAAAAAAAAQADAAAJIAAAAAAAAAAAAAAAAAAAAAtiaWJ0ZXgtcGRmcwAAEAAIAADRx6dFAAAAEQAIAADTvlLZAAAAAQAYASN6zgGzgbsBseNrAdYfHAAGutsABmgNAAIAYUFtYWM6VXNlcnM6AEFidURhdmlkOgBPbmVEcml2ZSAtIHBvc3QuYmd1LmFjLmlsOgBzY2hvb2w6AGJpYmxpb2dyYXBoeToAYmlidGV4LXBkZnM6AHp1bWVsMjAxNC5wZGYAAA4AHAANAHoAdQBtAGUAbAAyADAAMQA0AC4AcABkAGYADwAKAAQAQQBtAGEAYwASAFZVc2Vycy9BYnVEYXZpZC9PbmVEcml2ZSAtIHBvc3QuYmd1LmFjLmlsL3NjaG9vbC9iaWJsaW9ncmFwaHkvYmlidGV4LXBkZnMvenVtZWwyMDE0LnBkZgATAAEvAAAVAAIAD///AACABtIbHB0eWiRjbGFzc25hbWVYJGNsYXNzZXNdTlNNdXRhYmxlRGF0YaMdHyBWTlNEYXRhWE5TT2JqZWN00hscIiNcTlNEaWN0aW9uYXJ5oiIgXxAPTlNLZXllZEFyY2hpdmVy0SYnVHJvb3SAAQAIABEAGgAjAC0AMgA3AEAARgBNAFUAYABnAGoAbABuAHEAcwB1AHcAhACOAKoArwC3ApMClQKaAqUCrgK8AsACxwLQAtUC4gLlAvcC+gL/AAAAAAAAAgEAAAAAAAAAKAAAAAAAAAAAAAAAAAAAAwE=}}

@book{Agresti2013,
	Author = {Agresti, Alan; Franklin, Christine},
	Date-Added = {2016-07-20 06:31:21 +0000},
	Date-Modified = {2016-07-20 06:31:21 +0000},
	Publisher = {Pearson},
	Title = {Statistics: The Art and Science of Learning from Data},
	Year = {2012},
	Bdsk-File-1 = {YnBsaXN0MDDUAQIDBAUGJCVYJHZlcnNpb25YJG9iamVjdHNZJGFyY2hpdmVyVCR0b3ASAAGGoKgHCBMUFRYaIVUkbnVsbNMJCgsMDxJXTlMua2V5c1pOUy5vYmplY3RzViRjbGFzc6INDoACgAOiEBGABIAFgAdccmVsYXRpdmVQYXRoWWFsaWFzRGF0YV8QF2JpYnRleC1wZGZzL0FncmVzdGkyMDEz0hcLGBlXTlMuZGF0YU8RAdAAAAAAAdAAAgAABEFtYWMAAAAAAAAAAAAAAAAAAAAAAAAAAAAAANHH0XVIKwAAASN6zgtBZ3Jlc3RpMjAxMwAAAAAAAAAAAAAAAAAAAAAAAAAAAAAAAAAAAAAAAAAAAAAAAAAAAAAAAAAAAAAAAAAAAAACpV0j0758ygAAAAAAAAAAAAEAAwAACSAAAAAAAAAAAAAAAAAAAAALYmlidGV4LXBkZnMAABAACAAA0cenRQAAABEACAAA075SmgAAAAEAGAEjes4Bs4G7AbHjawHWHxwABrrbAAZoDQACAF9BbWFjOlVzZXJzOgBBYnVEYXZpZDoAT25lRHJpdmUgLSBwb3N0LmJndS5hYy5pbDoAc2Nob29sOgBiaWJsaW9ncmFwaHk6AGJpYnRleC1wZGZzOgBBZ3Jlc3RpMjAxMwAADgAYAAsAQQBnAHIAZQBzAHQAaQAyADAAMQAzAA8ACgAEAEEAbQBhAGMAEgBUVXNlcnMvQWJ1RGF2aWQvT25lRHJpdmUgLSBwb3N0LmJndS5hYy5pbC9zY2hvb2wvYmlibGlvZ3JhcGh5L2JpYnRleC1wZGZzL0FncmVzdGkyMDEzABMAAS8AABUAAgAP//8AAIAG0hscHR5aJGNsYXNzbmFtZVgkY2xhc3Nlc11OU011dGFibGVEYXRhox0fIFZOU0RhdGFYTlNPYmplY3TSGxwiI1xOU0RpY3Rpb25hcnmiIiBfEA9OU0tleWVkQXJjaGl2ZXLRJidUcm9vdIABAAgAEQAaACMALQAyADcAQABGAE0AVQBgAGcAagBsAG4AcQBzAHUAdwCEAI4AqACtALUCiQKLApACmwKkArICtgK9AsYCywLYAtsC7QLwAvUAAAAAAAACAQAAAAAAAAAoAAAAAAAAAAAAAAAAAAAC9w==}}
